2578 4270
152 353 219 402 cn.
236 354 318 418 r-a.]
500 352 608 404 arnna
630 317 841 403 sncun'uus.¹

365 687 434 752 DE
473 689 661 753 BELLO
698 689 960 754 GALLICO

556 929 693 984 LIBER
722 931 770 984 ΙΙ.

141 1173 143 1178 ,
190 1115 212 1176 Ι.
239 1115 336 1180 Quum
351 1127 425 1176 esset
439 1115 536 1174 Caesar
551 1115 581 1172 in
602 1115 734 1173 citeriore
754 1117 849 1173 Gallia
870 1117 900 1174 in
921 1118 1057 1189 hibernis,
1073 1119 1112 1175 ita
1132 1119 1172 1177 uti

151 1208 236 1283 suprd
250 1209 515 1278 demonstravimus,
530 1207 623 1264 crebri
638 1208 673 1264 ad
694 1227 760 1264 eum
774 1227 902 1266 rumores
917 1210 1115 1279 afferebantur,
1130 1211 1174 1267 lit-

151 1301 263 1374 erisque
278 1300 346 1356 item
361 1299 481 1356 Labieni
496 1298 600 1355 certior
615 1299 700 1356 fiebat
714 1317 814 1355 omnes
828 1299 941 1375 Belgas,
957 1319 1042 1373 quam
1060 1301 1173 1358 tertiam

151 1407 213 1445 esse
226 1390 327 1446 Galliae
341 1400 450 1464 partem
465 1389 635 1460 dixeramus,
651 1400 751 1445 contra
764 1390 901 1464 populum
919 1391 1085 1446 Romanurn
1106 1411 1174 1448 con·

148 1479 253 1554 jurare,
268 1481 439 1553 obsidesque
453 1480 526 1543 inter
540 1481 660 1537 sedare.
703 1481 880 1555 Conjurandi
897 1481 948 1538 has
969 1501 1031 1538 esse
1052 1501 1171 1538 causas:

149 1570 284 1645 primirm,
299 1570 377 1644 qubd
391 1581 564 1641 vererentur,
579 1590 625 1641 ne,
640 1571 718 1627 omni
732 1572 835 1646 pacata
849 1571 954 1643 Gallia,
970 1573 1005 1628 ad
1026 1591 1074 1628 eos
1096 1591 1173 1629 exer·

152 1662 226 1716 citus
248 1673 345 1717 noster
368 1661 574 1718 adduceretur:
604 1663 718 1732 deinde,
744 1661 821 1735 qudd
849 1663 884 1718 ab
910 1664 1056 1720 nonnullis
1082 1664 1172 1720 Gallis

152 1751 381 1822 sollicitarentur,
395 1751 497 1825 partim
517 1751 575 1824 qui,
590 1763 621 1808 ut
641 1753 800 1807 Germanos
820 1753 928 1808 diutius
948 1754 978 1809 in
998 1754 1093 1810 Gallis
1114 1773 1173 1810 ver·

151 1843 208 1900 sari
232 1843 391 1912 noluerant,
417 1842 461 1913 ita
478 1842 576 1916 populi
600 1842 727 1898 Romani
755 1843 911 1899 exercitum
936 1844 1061 1902 hiemare
1089 1856 1172 1918 atque

151 1935 357 1991 inveterascere
372 1934 401 1989 in
416 1933 510 1989 Gallia
525 1931 643 1990 moleste
659 1934 803 2002 serebant3
823 1934 927 2008 partim
945 1934 994 2008 qui
1015 1936 1172 1993 mobilitate

149 2038 179 2082 et
193 2026 305 2082 levitate
321 2025 406 2081 animi
422 2025 502 2080 novis
517 2023 642 2099 imperiis
661 2025 830 2081 studebant:
854 2027 888 2082 ab
909 2027 1054 2082 nonnullis
1075 2029 1170 2098 etiam,

149 2115 227 2189 qubd
238 2117 272 2172 in
288 2116 382 2172 Gallia
405 2135 420 2172 a
439 2116 647 2190 potentioribus
669 2127 752 2189 atque
774 2117 826 2186 his,
843 2117 891 2190 qui
914 2117 949 2172 ad
968 2119 1172 2176 conducendos

150 2206 280 2262 homines
304 2208 453 2264 facultates
476 2207 628 2277 habebant,
653 2206 737 2283 vulgd
763 2227 852 2283 regna
872 2209 1097 2282 occupabantur,
1122 2211 1171 2284 qui

149 2296 244 2353 mimis
259 2297 343 2354 facile
359 2317 421 2354 eam
436 2317 496 2354 rem
510 2299 539 2354 in
555 2299 674 2372 imperio
688 2309 785 2355 nostro
800 2299 937 2372 consequi
951 2311 1090 2373 poterant.

188 2387 225 2445 ΙΙ.
254 2388 294 2445 Iis
308 2390 422 2445 nunciis
436 2389 582 2462 literisque
604 2400 763 2445 commotus
783 2390 880 2445 Caesar
901 2389 972 2446 duas
992 2391 1120 2466 legiones
1141 2391 1170 2448 in

149 2477 282 2535 citeriore
294 2481 389 2537 Gallia
403 2499 490 2534 novas
505 2479 689 2552 conscripsit;
711 2490 738 2535 et
755 2480 825 2535 inita
840 2490 947 2549 aestate,
962 2480 992 2536 in
1007 2481 1170 2538 interiorem

147 2569 272 2624 Galliam
285 2570 334 2643 qui
348 2569 513 2636 deduceret,
526 2568 566 2627 Q.
583 2567 702 2623 Pedium
717 2569 843 2644 legatum
864 2569 950 2625 misit.
992 2569 1067 2644 Ipse,
1082 2590 1170 2644 quum

147 2656 272 2732 primdm
294 2658 392 2733 pabuli
419 2656 502 2731 copia
525 2675 586 2712 esse
609 2657 757 2732 inciperet,
773 2659 807 2714 ad
832 2659 989 2715 exercitum
1008 2661 1100 2729 venit;
1123 2661 1171 2720 dat

148 2749 295 2823 negotium
310 2747 473 2804 Senonibus
487 2747 660 2821 reliquisque
673 2749 774 2819 Gallis,
786 2749 835 2822 qui
846 2749 959 2805 finitimi
971 2750 1068 2826 Belgis
1079 2764 1169 2824 erant,

148 2837 189 2894 uti
205 2855 248 2908 ea,
263 2857 325 2912 quae
341 2838 414 2912 apud
429 2857 477 2894 eos
496 2849 639 2913 gerantur,
655 2851 840 2914 cognoscant,
856 2859 943 2914 seque
964 2841 999 2898 de
1020 2842 1064 2898 his
1084 2843 1169 2901 rebus

147 2929 298 2985 certiorem
314 2928 427 2985 faciant.
470 2928 509 2984 Hi
531 2941 695 2986 constanter
715 2949 814 2988 omnes
837 2932 1047 2990 nunciaverunt
1067 2953 1169 2992 manus

146 3020 222 3094 cogi,
237 3019 393 3076 exercitum
408 3021 437 3076 in
452 3039 540 3076 unum
559 3021 655 3076 locum
676 3022 809 3079 conduci.
850 3022 929 3078 Tum
950 3022 1016 3080 verb
1038 3024 1169 3082 dubitan-

146 3107 214 3165 llum
228 3129 286 3165 non
301 3109 481 3181 existimavit,
497 3112 566 3184 quin
582 3111 615 3166 ad
631 3129 680 3167 eos
696 3109 958 3194 [duodecimodie]
974 3115 1169 3189 proficiscere-

144 3209 198 3256 tur.
240 3199 287 3256 Re
302 3201 487 3257 frumentariis
505 3201 627 3274 provisa,
643 3213 736 3258 castra
755 3213 859 3274 movet,
874 3204 1031 3279 diebusque
1052 3207 1167 3263 circiter

145 3289 308 3363 quindecim
324 3291 358 3346 ad
372 3291 443 3346 fines
457 3290 610 3365 Belgarum
623 3293 760 3366 pervenit.

182 3379 236 3436 ΙΙΙ.
264 3379 308 3436 Ed
324 3399 412 3453 quum
426 3380 461 3435 de
476 3380 628 3454 improviso
642 3381 821 3458 celeribsque
835 3385 913 3441 omni
928 3386 1062 3460 opinione
1076 3389 1167 3444 venis·

143 3479 195 3538 set,
211 3469 309 3537 Remi,
324 3469 373 3541 qui
386 3470 508 3542 proximi
529 3469 629 3528 Galliae
651 3491 686 3530 ex
706 3473 803 3549 Belgis
824 3487 900 3545 sunt,
916 3477 949 3532 ad
971 3496 1037 3534 eum
1058 3479 1167 3552 legatos

142 3557 255 3614 Iccium
279 3569 307 3613 et
329 3559 549 3634 Antebrogium,
563 3563 670 3634 primos
694 3564 826 3634 civitatis,
845 3567 994 3637 miserunt,
1017 3567 1065 3640 qui
1090 3568 1166 3624 dice-

142 3658 206 3704 rent
228 3654 277 3703 ‘se
301 3665 409 3720 suaque
433 3651 530 3705 omnia
553 3651 582 3706 in
606 3652 691 3709 fidem
717 3665 800 3727 atque
825 3655 854 3711 in
875 3667 1044 3730 potestatem
1067 3657 1164 3729 populi

142 3736 269 3792 Romani
284 3737 465 3810 permittere;
488 3757 580 3812 neque
594 3761 625 3798 se
639 3761 706 3799 cum
721 3744 818 3818 Belgis
837 3746 955 3818 reliquis
976 3745 1164 3817 consensisse,

141 3843 235 3900 neque
249 3837 350 3882 contra
361 3827 498 3900 populum
512 3829 677 3888 Romanuin
699 3834 816 3888 omnino
836 3835 1019 3908 conjurasse:
1040 3847 1165 3911 paratos·

140 3935 197 3991 que
210 3935 273 3974 esse
286 3927 315 3976 et
329 3918 442 3975 obsides
455 3920 533 3986 dare,
548 3932 576 3978 et
590 3922 729 3998 imperata
742 3924 847 3992 lacere,
858 3935 887 3982 et
900 3926 1012 4000 oppidis
1025 3929 1164 4002 recipere,
