2566 4270
126 251 195 342 'tao
461 267 649 326 nn'snmo
672 275 831 326 erarico
968 275 1047 340 [cn.
1062 275 1179 323 caca

136 420 222 490 tibus,
237 417 323 476 tertio
337 417 384 476 die
399 418 435 476 ad
448 418 556 476 flumen
570 418 674 478 Elaver
687 429 804 495 pontem
824 416 936 489 refecit,
952 427 1037 492 atque
1058 417 1179 474 exerci-

136 522 197 568 tum
210 511 378 568 transduxit.

175 601 252 658 LIV.
280 601 326 658 Ibi
341 620 356 658 a
370 602 554 658 Viridomaro
568 611 653 675 atque
667 600 863 676 Eporedorige
876 599 982 656 AEduis
997 600 1174 674 appellatus,

136 692 221 750 discit
245 712 312 750 cum
335 693 415 750 omni
435 693 565 766 equitatu
587 692 750 748 Litavicum
774 692 809 746 ad
834 690 1030 748 sollicitandos
1052 691 1175 748 AEduos

135 783 295 858 profectum
310 802 391 840 esse:
413 803 485 858 opus
498 801 561 840 esse
575 793 604 840 et
618 782 694 856 ipsos
707 782 870 856 precedere
885 782 920 838 ad
939 782 1173 838 confirmandam

136 873 289 930 civitatem.
332 874 395 931 Etsi
409 874 506 930 multis
523 874 583 948 jam
596 874 682 930 rebus
695 873 844 947 perfidiam
858 873 1019 928 AEduorum
1033 891 1172 948 perspec-

136 973 194 1020 tam
219 964 352 1034 habebat,
377 975 462 1040 atque
486 965 587 1020 horum
615 964 743 1020 discessu
772 963 946 1020 admaturari
973 963 1170 1020 desectionem

137 1053 261 1110 civitatis
274 1055 470 1124 existimabat;
492 1065 589 1112 tamen
602 1073 652 1112 eos
665 1054 830 1110 retinendos
850 1073 909 1110 non
926 1055 1048 1125 censuit,
1065 1073 1103 1112 ne
1119 1069 1170 1112 aut

136 1144 242 1202 inferre
268 1146 402 1220 injuriam
429 1146 582 1215 videretur,
604 1156 652 1201 ant
672 1145 741 1202 dare
763 1145 874 1202 timoris
897 1145 1021 1218 aliquam
1044 1147 1170 1220 suspici-

135 1255 229 1300 onem.
284 1236 509 1294 Discedentibus
543 1237 587 1293 his
620 1236 743 1292 breviter
776 1255 831 1296 sua
859 1235 889 1292 in
923 1236 1035 1294 AEduos
1062 1237 1169 1294 merita

136 1327 271 1402 exponit:
300 1327 405 1388 ‘Quos
431 1338 460 1384 et
486 1326 573 1401 quiam
597 1327 720 1382 humiles
749 1325 916 1401 accepisset,
942 1327 1106 1402 compulsos
1136 1328 1167 1384 in

135 1419 250 1492 oppida,
265 1419 398 1476 multatos
413 1417 498 1494 agris,
513 1418 646 1474 omnibus
663 1417 768 1492 ereptis
789 1417 890 1492 copiis,
905 1417 1039 1491 imposito
1059 1419 1168 1493 stipen-

93 1559 96 1564 ,
136 1509 194 1578 dio,
219 1510 367 1566 obsidibus
389 1509 507 1566 summis
525 1527 591 1566 cum
615 1507 791 1564 contumelia
815 1509 948 1576 extortis;
973 1519 1002 1564 et
1023 1528 1110 1582 quam
1135 1511 1166 1566 in

137 1599 279 1656 fortunam
306 1618 448 1673 quamque
463 1599 492 1655 in
515 1599 731 1673 amplitudinem
752 1599 925 1668 deduxisset,
941 1610 972 1654 ut
992 1619 1050 1656 non
1071 1597 1165 1656 solinu
1258 1651 1265 1660 ,

136 1689 166 1746 in
180 1691 332 1764 pristinum
349 1701 453 1746 statum
475 1689 625 1758 redissent,
641 1689 691 1745 sed
712 1690 839 1744 omnium
861 1700 1020 1763 temporum
1042 1690 1166 1766 dignita·

135 1791 241 1838 temet
262 1781 383 1858 gratiam
406 1779 593 1838 antecessisse
614 1780 795 1836 viderentur!
839 1778 895 1836 His
917 1781 990 1836 datis
1011 1782 1164 1852 mandatis,

136 1890 185 1930 eos
200 1872 236 1928 ab
249 1891 280 1928 se
294 1871 410 1930 dimisit.
1173 1864 1177 1870 ’

175 1961 237 2017 LV.
266 1962 471 2018 Noviodunum
486 1971 547 2018 erat
560 1960 696 2035 oppidum
710 1959 882 2030 AEduorum,
899 1961 933 2016 ad
954 1961 1030 2035 ripas
1050 1962 1165 2037 Ligeris

135 2063 296 2125 opportuno
317 2052 383 2108 loco
405 2053 538 2126 positum.
580 2051 649 2106 Huc
671 2051 768 2106 Caesar
792 2070 892 2108 omnes
913 2053 1027 2108 obsides
1050 2053 1163 2125 Galliae,

136 2142 321 2211 frumentum,
342 2142 495 2216 pecuniam
519 2141 675 2216 publicam,
700 2160 817 2198 suorum
841 2153 925 2216 atque
947 2143 1090 2200 exercitiis
1113 2144 1164 2200 im·

135 2232 364 2308 pedirnentorum
388 2250 522 2306 magnam
542 2243 652 2306 partem
676 2233 852 2290 contulerat:
874 2233 932 2288 huc
953 2252 1089 2308 maguum
1111 2253 1163 2291 nu-

136 2342 246 2401 merum
269 2341 418 2396 equorum,
441 2321 525 2397 hujus
547 2322 615 2379 belli
637 2324 724 2378 causei
748 2323 778 2379 in
802 2322 886 2380 Italia
911 2335 996 2398 atque
1020 2324 1163 2399 Hispania

136 2399 310 2488 coemptum,
338 2413 461 2470 miserat.
517 2411 560 2469 Ed
589 2432 677 2487 quum
702 2413 880 2488 Eporedorix
905 2415 1161 2489 Viridomarusque

135 2509 290 2575 xenissent,
304 2517 332 2562 et
346 2505 382 2561 de
396 2515 471 2560 statu
486 2503 609 2560 civitatis
624 2505 835 2579 cognovissent,
850 2505 1011 2562 Litavicum
1026 2505 1160 2564 Bibracte

136 2598 172 2656 ab
186 2597 290 2654 AEduis
304 2609 461 2670 receptum,
476 2594 552 2669 quod
567 2606 610 2652 est
624 2595 760 2670 oppidum
775 2595 850 2670 apud
872 2615 921 2652 eos
943 2597 1073 2654 maximae
1095 2617 1160 2655 auc·

135 2690 266 2759 totitatis,
304 2687 564 2744 Conuictolitauem
597 2687 795 2761 magistratum
829 2705 1019 2762 magnamque
1051 2702 1158 2762 partem

135 2780 260 2838 Senatus
286 2779 321 2836 ad
344 2797 411 2834 eum
435 2776 613 2846 convenisse,
637 2776 747 2851 legatos
771 2776 806 2832 ad
830 2777 1098 2855 Vercingetorigem
1124 2781 1158 2838 de

134 2881 257 2944 peccet
280 2869 406 2924 amicitia
431 2867 615 2924 concilianda
638 2865 754 2941 publice
778 2867 894 2936 missos;
916 2887 974 2924 non
995 2871 1159 2944 praetermit·

135 2959 253 3016 tendum
267 2969 378 3014 tantum
393 2958 574 3014 commodum
596 2956 835 3014 existimaverunt.
877 2957 988 3032 Itaque,
1003 2961 1158 3018 interfectis

136 3047 302 3106 Novioduni
317 3048 494 3119 custodibus
509 3048 615 3122 quique
629 3045 664 3104 eb
683 3048 849 3123 negotiandi
872 3059 920 3106 aut
939 3050 1050 3106 itineris
1072 3053 1156 3108 causti

136 3150 337 3208 convenerant,
356 3140 509 3212 pecuniam
531 3151 615 3213 atque
637 3158 725 3213 equos
747 3139 819 3195 inter
840 3158 870 3196 se
890 3141 986 3214 partiti
1007 3151 1091 3210 eunt3
1112 3143 1158 3198 ob·

135 3230 211 3286 sides
233 3229 380 3286 civitatum
401 3230 535 3286 Bibracte
557 3231 592 3285 ad
615 3230 812 3306 magistratum
837 3231 1022 3288 deducendos
1046 3251 1157 3288 curave-

135 3331 217 3390 runt;
240 3320 384 3394 oppidum,
406 3320 481 3392 quod
504 3321 539 3376 ab
560 3339 591 3376 se
614 3320 705 3378 teneri
734 3339 792 3376 non
818 3339 903 3395 posse
923 3321 1101 3394 judicabant,
1122 3341 1156 3379 ne

135 3412 182 3468 cui
208 3420 283 3468 esset
305 3409 369 3466 usui
392 3409 543 3478 Romania,
568 3409 758 3466 incenderunt
767 3431 774 3480 3
804 3411 938 3466 frumenti
964 3413 1040 3484 quod
1064 3413 1155 3470 subin

134 3511 298 3580 potuerunt,
314 3500 433 3556 navibus
449 3509 610 3568 avexerunt,
625 3501 766 3573 reliquum
781 3501 900 3558 flumine
919 3512 1004 3575 atque
1025 3503 1157 3560 incendio

135 3602 339 3668 corruperunt;
363 3589 415 3664 ipsi
430 3608 465 3645 ex
480 3587 607 3644 finitimis
618 3590 783 3664 regionibus
795 3592 892 3666 copias
903 3611 1017 3668 cogere,
1028 3593 1157 3667 praesidia

135 3685 337 3756 custodiasque
352 3682 387 3738 ad
401 3680 476 3754 ripas
490 3678 602 3753 Ligeris
616 3679 777 3754 disponere,
792 3683 1010 3758 equitatumque
1027 3685 1156 3742 omnibns

135 3777 217 3848 lociS,
232 3774 380 3850 injiciendi
394 3770 504 3829 timoris
518 3770 616 3840 causa,
630 3781 773 3830 ostentare
787 3783 945 3848 caeperunt,
960 3774 985 3832 si
1006 3775 1042 3832 ab
1060 3793 1091 3833 re
1104 3775 1156 3832 fru-

136 3867 276 3938 mentaria
289 3865 439 3922 Romanos
453 3859 615 3931 excludere,
629 3853 692 3936 [aut
707 3861 845 3920 adductos
855 3863 953 3940 inopiis
964 3883 999 3922 ex
1012 3866 1155 3942 provincii
