2578 4270
140 297 226 350 Cae.
235 296 351 362 ³1*le
516 299 622 352 LIBER
643 301 824 362 QUARTUS·
1141 305 1183 364 60

137 450 178 500 et
196 459 261 516 quae
276 441 312 498 ad
326 461 375 500 eas
389 460 434 499 res
447 453 530 500 erant
543 444 618 514 usui,
633 463 668 502 ex
682 443 843 502 continenti
864 443 1035 520 comportari
1052 443 1180 520 jubebat.

138 531 266 606 Itaque,
277 534 402 607 quumid
412 551 524 591 summo
534 535 629 592 studio
644 537 809 592 amilitibus
824 536 1079 606 administraretur,
1091 535 1181 594 duod·

139 624 231 680 ecim
258 625 378 680 navibus
405 625 525 695 amissis,
546 626 664 701 reliquis
692 637 724 682 ut
750 627 879 702 navigari
903 625 1053 683 commode
1074 637 1179 702 posset,

141 715 259 771 effecit.

193 803 327 861 XXXII.
355 803 434 860 Dum
461 823 496 862 ea
519 817 666 881 geruntur,
691 807 805 883 legione
829 826 864 864 ex
886 809 1094 867 consuetudine
1121 808 1180 866 und

142 895 358 952 frumentatum
372 896 471 966 missit,
485 915 547 970 quae
563 898 754 970 appellabatur
769 899 898 972 septima,
913 917 1007 972 neque
1021 900 1080 955 ulla
1101 901 1136 956 ad
1151 900 1180 956 id

142 996 267 1060 tempus
290 985 361 1042 belli
388 986 553 1060 suspicione
580 987 757 1062 interposita,
779 1007 867 1062 quum
886 1008 952 1062 pars
979 989 1127 1046 hominum
1150 991 1180 1046 in

144 1077 232 1153 agris
258 1086 427 1146 remaneret,
449 1095 515 1150 pars
536 1077 622 1134 etiam
649 1078 679 1134 in
707 1089 800 1135 castra
826 1079 987 1150 ventitaret,
1009 1080 1039 1150 ii,
1061 1081 1110 1154 qui
1128 1100 1181 1154 pro

142 1167 244 1243 portis
267 1177 425 1223 castrorum
449 1167 479 1223 in
503 1168 626 1224 statione
647 1180 737 1240 erant,
759 1170 868 1226 Caesari
889 1171 1097 1228 renuncialrunt
1119 1172 1181 1246 pul·

142 1276 250 1316 vetem
274 1257 420 1332 majorem,
443 1257 529 1332 quam
551 1258 732 1316 consuetudo
753 1261 848 1332 ferret,
873 1253 904 1318 in
924 1262 958 1318 eal
978 1274 1059 1336 parte
1079 1263 1179 1334 videri,

143 1367 240 1423 quam
254 1349 284 1404 in
297 1359 407 1422 partem
427 1349 503 1424 legio
524 1349 577 1406 iter
598 1351 720 1408 fecisset.
763 1351 870 1422 Caesar,
885 1352 915 1408 id
937 1353 1013 1426 quod
1035 1364 1105 1424 evat,
1119 1373 1180 1410 sus·

142 1439 266 1514 picatus
281 1438 466 1513 aliquid'novi
482 1459 498 1495 a
511 1441 639 1498 barbaris
654 1441 756 1498 initum
776 1443 898 1513 consilii,
914 1444 1055 1514 cohortes,
1071 1463 1133 1517 quae
1149 1445 1179 1501 in

143 1529 324 1587 stationibus
351 1540 441 1600 erant,
462 1549 561 1586 secum
589 1531 618 1587 in
646 1551 708 1588 eam
735 1544 845 1607 partem
872 1535 1026 1608 proficisci,
1049 1535 1120 1591 duas
1143 1553 1179 1592 ex

144 1620 270 1695 reliquis
291 1620 322 1677 in
346 1621 498 1678 stationem
518 1623 684 1692 succedere,
699 1624 823 1697 reliquas
846 1626 948 1680 armari
973 1636 1001 1681 et
1024 1625 1178 1704 confestim

145 1729 216 1770 sese
229 1712 365 1786 subsequi
384 1711 476 1786 jussit.
517 1711 618 1772 Quum
632 1713 718 1787 paulo
733 1713 848 1789 longius
870 1733 886 1770 a
906 1717 1006 1778 castris
1026 1717 1180 1789 processis-

144 1814 206 1874 set,
220 1823 288 1860 suos
312 1804 347 1860 ab
371 1797 501 1858 hostibus
521 1803 613 1877 premi
637 1814 720 1877 atque
745 1823 819 1879 aegre
840 1805 980 1862 sustinere
1000 1816 1029 1861 et
1049 1807 1178 1864 conserta

145 1895 267 1971 legione
292 1913 328 1951 ex
354 1893 488 1950 omnibus
513 1893 642 1968 partibus
668 1895 726 1951 tela
753 1895 859 1970 conjici
888 1897 1014 1953 animum
1049 1897 1177 1956 advertit.

146 1985 230 2043 Nam
251 1984 337 2060 qudd,
356 1985 435 2042 omni
455 2003 492 2042 ex
511 1985 628 2060 reliquis
645 1985 773 2060 partibus
795 1987 924 2044 demesso
946 1987 1097 2059 frumento,
1112 2009 1178 2064 pars

146 2096 211 2134 una
234 2087 295 2134 erat
318 2075 437 2151 reliqua,
453 2075 590 2152 suspicati
614 2077 710 2134 hostes
734 2077 792 2133 huc
816 2089 927 2135 nostros
950 2099 1013 2136 esse
1033 2094 1176 2153 venturos,

147 2178 239 2226 noctu
261 2167 291 2224 in
312 2168 390 2224 silvis
410 2168 601 2225 delituerant:
622 2180 684 2225 tum
705 2169 856 2244 dispersos,
879 2171 1014 2246 depositis
1036 2171 1131 2242 armis,
1147 2173 1176 2230 in

148 2259 286 2317 metendo
307 2271 464 2335 occupatos
484 2258 578 2316 subitb
603 2259 704 2330 adorti,
728 2262 828 2336 paucis
856 2261 1023 2332 interlectiS,
1052 2264 1177 2338 reliquos

148 2349 268 2407 incertis
282 2350 430 2406 ordinibus
442 2351 694 2425 perturbaverant:
715 2352 798 2408 simul
820 2353 949 2427 equitatu
969 2365 1054 2427 atque
1068 2355 1176 2412 essedis

149 2440 408 2498 circumdederant.

148 2553 158 2560 '¹
189 2531 338 2588 XXXIII.
365 2531 466 2588 Genus
479 2529 536 2585 boc
550 2539 592 2586 est
607 2548 642 2586 ex
656 2530 762 2586 essedis
772 2550 891 2606 pugnae:
912 2531 1006 2606 primb
1016 2551 1066 2605 per
1077 2553 1177 2592 omues

1 2661 3 2672 .
50 2674 53 2679 ,
148 2632 245 2698 partes
258 2620 449 2695 perequitant,
463 2629 492 2676 et
515 2619 574 2675 tela
597 2619 765 2694 conjiciunt,
781 2633 865 2694 atque
890 2621 951 2695 ipso
971 2633 1081 2678 terrore
1092 2641 1177 2696 equo·

150 2727 215 2769 rum
229 2722 258 2768 et
272 2710 392 2784 strepitu
406 2719 531 2765 rotarum
545 2709 660 2766 ordines
670 2708 838 2784 plerbmque
847 2713 1031 2785 perturbant;
1046 2723 1074 2770 et
1089 2733 1177 2786 quum

151 2819 183 2858 se
197 2801 270 2858 inter
291 2800 419 2874 equitum
439 2810 547 2858 turmas
568 2800 785 2872 insinuaverint,
801 2820 835 2858 ex
859 2803 967 2858 essedis
989 2803 1133 2876 desiliunt,
1147 2816 1176 2864 et

150 2891 272 2967 pedibus
284 2891 458 2966 proeliantur.
500 2891 618 2968 Auriga
633 2891 747 2950 interim
760 2893 898 2968 paulatim
919 2912 954 2950 ex
973 2896 1074 2968 proelio
1094 2915 1176 2956 exce·

150 2981 231 3054 dunt,
247 2993 332 3056 atque
355 2982 395 3039 ita
416 3001 517 3040 currus
541 2983 694 3054 collocant,
709 2995 750 3054 ut,
765 2984 789 3041 si
814 2983 855 3040 illi
879 3004 895 3040 a
916 2986 1098 3044 multitudine
1112 2988 1176 3045 bos-

149 3074 220 3132 tium
244 3087 419 3150 premantur,
445 3075 609 3150 expeditum
635 3074 670 3130 ad
692 3094 760 3130 suos
786 3087 932 3150 receptum
958 3077 1089 3136 babeant.
1130 3079 1176 3137 Ita

148 3165 336 3222 mobilitatem
350 3166 489 3242 equitum,
505 3165 689 3222 stabilitatem
702 3165 831 3240 peditum
853 3166 882 3222 in
902 3167 1009 3241 proeliis
1029 3180 1174 3242 praestant,

150 3274 184 3312 ac
210 3266 322 3334 tantum
348 3275 403 3312 usu
430 3255 598 3328 quotidiano
625 3265 654 3311 et
680 3255 884 3312 exercitatione
912 3259 1050 3330 efficiunt,
1075 3258 1116 3316 uti
1145 3260 1174 3317 in

149 3346 254 3403 declivi
282 3365 316 3402 ac
341 3345 482 3420 praecipiti
509 3345 576 3401 loco
603 3344 736 3402 incitatos
763 3365 851 3420 equos
878 3349 1017 3405 sustinere
1044 3361 1072 3406 et
1096 3349 1173 3408 brevi

149 3435 291 3495 moderari
316 3453 352 3491 ac
369 3435 495 3504 flectere,
520 3445 549 3492 et
571 3453 622 3510 per
648 3446 791 3494 temonem
815 3455 983 3512 percurrere
1005 3451 1032 3496 et
1057 3441 1086 3497 in
1104 3442 1175 3518 jugo

150 3525 281 3585 insistere
295 3535 324 3581 et
338 3525 405 3581 inde
418 3545 449 3582 se
464 3524 493 3581 in
508 3545 609 3582 currus
623 3527 760 3584 citissime
776 3530 904 3604 recipere
919 3531 1093 3588 consuerint.

189 3615 335 3673 XXXIV.
362 3614 480 3676 Quibus
493 3617 588 3686 rebus,
602 3619 774 3692 perturbatis
788 3621 893 3676 nostris
912 3622 1037 3676 novitate
1059 3640 1173 3695 pugne,

148 3719 276 3783 tempore
299 3706 541 3781 opportunissimo
564 3707 661 3766 Caesar
687 3710 823 3766 auxilium
851 3711 931 3766 tulit:
963 3729 1086 3782 numque
1113 3711 1174 3786 ejus

149 3799 272 3857 adventu
296 3797 392 3854 hostes
414 3796 614 3870 constiterunt,
638 3800 727 3856 nostri
751 3818 783 3856 se
804 3819 840 3856 ex
865 3800 968 3855 timore
995 3813 1173 3874 receperunt.

145 3891 219 3956 Quo
245 3889 331 3961 facto,
359 3887 395 3949 ad
421 3887 621 3950 lacessendum
649 3900 678 3949 et
709 3889 744 3947 ad
772 3888 1008 3946 committendum
1042 3893 1174 3966 proelium
