2566 4270
126 308 193 360 cn.
209 310 250 372 aa,
264 311 315 372 aa]
494 308 601 358 crasa
622 309 789 368 curuans.
1116 311 1157 370 93

125 453 302 524 decreverat,
325 461 414 510 noctu
435 452 571 529 profugit,
594 453 749 528 copiasque
769 470 868 510 omnes
896 451 925 509 in
953 449 1090 510 Treviros
1113 471 1156 510 re-
1239 497 1241 504 ,

125 545 215 601 ducit.
259 545 357 600 Caesar
377 543 499 600 Fabium
522 563 589 600 curn
611 544 726 619 legione
754 543 782 598 in
805 543 997 600 sua-remittit
1023 543 1154 614 hiberna,

125 636 187 710 lpse
202 653 270 692 cum
283 635 374 692 tribus
388 635 549 710 legionibus
572 635 682 690 circum
705 635 933 690 Samarobriuam
955 634 1039 692 trinis
1062 633 1155 690 hiber·

126 728 172 784 nis
186 728 312 784 hiemare
334 727 500 795 constituit;
522 736 561 796 et,
576 725 653 799 quod
666 726 738 781 tanti
752 737 845 782 motus
859 725 960 780 Gallis
975 725 1152 795 exstiterant,

126 828 216 874 totam
230 817 354 874 hiemem
369 817 430 890 ipse
451 816 486 872 ad
507 817 665 872 exercitum
687 835 802 874 manere
826 815 961 872 decrevit.
1003 815 1080 872 Nam
1105 816 1154 872 illo

127 907 311 966 incommodo
332 907 368 964 de
390 907 492 964 Sabini
514 920 605 964 morte
626 907 746 981 perlem,
761 925 860 962 omnes
882 907 940 964 serd
962 906 1064 964 Galliae
1086 907 1154 963 civi-

125 1010 200 1058 tates
227 1000 262 1056 de
285 999 360 1056 bello
381 999 593 1068 consultabant,
617 998 740 1054 nuncios
763 998 977 1072 legationesque
1001 998 1030 1053 in
1054 1017 1154 1056 omnes

123 1101 221 1166 partes
248 1090 438 1160 dimittebant,
462 1099 499 1160 et,
528 1089 597 1164 quid
623 1089 726 1162 reliqui
754 1088 866 1144 consilii
896 1099 1041 1164 caperent,
1070 1100 1154 1163 atque

124 1182 204 1239 unde
227 1181 341 1238 initium
367 1181 435 1238 belli
462 1180 552 1250 fieret,
581 1181 774 1254 explorabant,
803 1191 1002 1252 nocturnaque
1030 1181 1059 1236 in
1081 1181 1154 1236 locis

125 1271 247 1334 desertis
270 1271 396 1328 concilia
416 1272 567 1328 habebant.
609 1269 714 1345 Neque
743 1271 831 1326 ullum
855 1269 913 1328 lere
936 1272 1024 1328 totius
1050 1271 1154 1328 hiemis

127 1351 243 1439 tempus
256 1364 319 1420 sine
333 1363 526 1420 sollicitudine
547 1362 670 1419 Caesaris
691 1362 860 1432 intercessit,
876 1362 944 1436 quin
970 1362 1092 1436 aliquem
1116 1363 1161 1420 de'

127 1456 260 1513 conciliis
275 1473 309 1511 ac
322 1464 401 1511 motu
415 1454 563 1511 Gallorum
584 1455 722 1510 nuncium
745 1454 897 1527 acciperet.
940 1452 973 1510 Iu
996 1454 1039 1510 his
1061 1455 1096 1511 ab
1117 1454 1149 1512 L.

125 1546 239 1604 Roscio
252 1546 356 1621 legate,
371 1563 455 1619 quem
469 1545 576 1620 legioni
590 1544 666 1600 XIII
681 1544 857 1618 praefecerat,
873 1526 976 1600 certior
992 1557 1034 1602 est
1049 1545 1150 1616 factus,

127 1645 268 1712 ‘magnas
291 1635 441 1694 Gallorum
468 1635 566 1710 copias
590 1651 688 1691 earum
716 1635 874 1704 civitatum,
902 1654 964 1708 quas
992 1635 1151 1692 Armorica

128 1729 315 1804 appellantur,
329 1727 514 1802 oppugnandi
535 1727 579 1782 sui
603 1726 691 1782 causti
713 1726 900 1782 convenisse:
923 1744 1016 1798 neque
1036 1721 1155 1800 longius

125 1820 217 1878 millia
241 1835 379 1894 passuum
405 1816 480 1874 VIII
508 1817 543 1873 ab
565 1816 692 1872 hibernis
719 1817 778 1872 suis
800 1815 942 1883 absuisse;
973 1815 1023 1872 sed
1044 1817 1153 1876 nuncio

125 1911 213 1968 allato
236 1911 272 1966 de
291 1908 412 1968 victorii
434 1908 568 1978 Caesaris,
590 1907 765 1978 discessisse,
790 1905 872 1976 aded,
896 1918 927 1963 ut
952 1907 1025 1983 sugae
1050 1907 1152 1966 similis

124 2003 269 2060 discessus
282 2000 443 2058 videretur!

165 2093 243 2152 LIV.
271 2092 312 2150 At
326 2091 432 2162 Caesar,
443 2089 622 2167 principibus
636 2089 774 2166 cujusque
786 2089 908 2146 civitatis
923 2089 957 2148 ad
972 2108 1002 2146 se
1013 2089 1150 2161 evocatis,

126 2185 197 2242 alios
217 2181 383 2253 territando,
399 2201 486 2257 quurn
507 2200 538 2239 se
559 2182 644 2251 scire,
658 2200 721 2255 quae
743 2180 852 2251 fierent,
867 2181 1064 2250 denunciaret,
1081 2182 1151 2240 alios

127 2275 313 2346 cohortando,
328 2293 461 2350 magnam
473 2285 583 2348 partem
603 2272 704 2328 Galliae
726 2272 755 2328 in
779 2272 874 2330 officio
895 2275 994 2330 tenuit.
1035 2271 1150 2332 Tamen

127 2369 267 2437 Senones,
282 2385 345 2440 quae
360 2374 403 2422 est
417 2364 517 2421 civitas
532 2363 563 2420 in
576 2363 676 2442 primis
690 2361 771 2420 firma
784 2375 812 2420 et
827 2379 936 2439 magnae
958 2365 1031 2422 inter
1051 2365 1151 2422 Gallos

126 2458 315 2526 auctoritatis,
338 2455 523 2521 Cavarinum,
538 2471 623 2525 quem
642 2452 738 2508 Caesar
761 2454 834 2527 apud
855 2473 905 2510 eos
928 2473 1024 2529 regem
1047 2455 1151 2512 consti·

124 2560 230 2619 tuerat,
255 2546 352 2622 (cujus
376 2544 461 2601 frater
483 2541 669 2614 Moritasgus,
685 2541 805 2598 adventu
827 2544 856 2599 in
881 2543 1004 2600 Galliam
1018 2545 1151 2616 Caesaris,

126 2641 267 2714 cujusque
281 2635 403 2709 majores
416 2649 537 2706 regnum
551 2629 757 2708 obtinuerant),
773 2633 934 2688 interficere
954 2634 1071 2708 publico
1085 2654 1153 2692 con·

127 2729 193 2787 silio
218 2725 324 2805 conati,
347 2741 435 2798 quum
461 2722 508 2778 ille
530 2721 724 2796 praesensisset
748 2740 783 2780 ac
803 2723 984 2799 profugisset,
1005 2743 1096 2799 usque
1116 2727 1152 2788 ad

127 2820 200 2877 fines
214 2815 346 2886 insecutI,
361 2833 450 2891 regno
463 2813 605 2888 domoque
623 2813 811 2888 expulerunt:
833 2825 871 2884 et,
887 2814 979 2873 missis
1001 2815 1036 2874 ad
1057 2817 1151 2876 Caesa·

127 2929 188 2968 rem
204 2905 397 2966 satisfaciendi
412 2905 499 2962 causi
513 2905 623 2980 legatis,
639 2924 727 2979 quum
742 2905 765 2962 is
779 2925 893 2962 omnem
915 2906 948 2962 ad
970 2926 1000 2964 se
1019 2921 1149 2967 senatum

126 3001 224 3059 venIre
243 2998 381 3074 jussisset,
401 2997 479 3055 dicto
504 2997 651 3053 audientes
673 3016 730 3052 non
756 2997 877 3054 fuerunt.
919 2997 1048 3061 Tantrim
1075 3001 1150 3076 apud

125 3092 256 3152 hommes
280 3075 415 3148 barbaros
438 3089 526 3146 valuit
548 3106 610 3144 esse
634 3098 761 3162 repertos
787 3087 894 3162 aliquos
915 3090 1059 3164 principes
1083 3093 1149 3151 belli

125 3183 277 3253 inserendi,
297 3193 463 3255 tantamque
483 3180 616 3236 omnibus
637 3179 813 3236 voluntatum
836 3183 1086 3239 commutationem
1111 3195 1150 3242 at·

124 3277 200 3345 tulit,
228 3284 270 3343 ut,
296 3284 398 3348 practer
425 3271 537 3328 AEduos
565 3280 594 3326 et
620 3268 740 3339 R'emos,
768 3289 839 3343 quos
868 3273 1012 3346 precipuo
1038 3293 1150 3348 semper

125 3367 234 3423 honore
247 3363 343 3420 Cacsar
359 3362 469 3430 babuit,
485 3360 588 3417 alteros
600 3379 653 3434 pro
670 3371 763 3418 vetere
785 3380 818 3416 ac
838 3364 974 3436 perpetual
995 3384 1063 3440 erga
1082 3385 1150 3440 pop-

125 3458 206 3514 ulum
220 3454 386 3510 Romanum
401 3452 467 3520 fide,
480 3451 582 3508 alteros
595 3469 647 3524 pro
660 3452 824 3508 recentibus
838 3453 942 3510 Gallici
958 3455 1023 3511 belli
1035 3455 1147 3525 officiis,

125 3548 205 3606 nulla
219 3543 278 3602 fere
294 3544 393 3600 civitas
408 3542 492 3599 suerit
506 3561 564 3598 non
584 3555 716 3616 suspecta
735 3544 826 3600 nobis.
869 3543 959 3618 quue
981 3545 1051 3602 adad
1073 3545 1149 3601 haud

126 3640 188 3696 scio
211 3635 411 3694 mitandumne
434 3634 480 3702 sit,
502 3651 588 3706 quum
613 3633 807 3708 compluribus
830 3635 893 3690 aliis
913 3635 949 3691 de
970 3635 1073 3702 causis,
1088 3646 1149 3692 tum

120 3726 260 3798 maxime,
275 3725 362 3801 qudd,
378 3725 427 3799 qui
447 3725 550 3782 virtute
571 3724 637 3783 belli
657 3726 790 3781 omnibus
810 3726 943 3800 gentibus
963 3723 1151 3797 praefereban-

125 3833 181 3891 tur,
195 3831 306 3878 tantum
321 3835 352 3874 se
366 3816 427 3892 ejus
440 3815 583 3891 opinionis
601 3815 804 3890 deperdidisse,
820 3825 851 3872 ut
866 3833 882 3872 a
894 3813 1000 3889 populo
1014 3812 1150 3876 Romano

126 3911 245 3989 imperia
256 3909 424 3986 perferrent,
439 3904 605 3985 gravissime
620 3905 763 3966 dolebant.
