2578 4270
127 311 225 368 cm
240 311 353 382 21-an
513 315 620 366 crana
643 303 820 375 acturus
1147 315 1186 374 εις

136 461 262 530 mittit3
285 472 314 518 et
341 479 408 518 cum
434 460 480 518 his
507 459 566 517 und
593 459 768 529 Commium,
791 477 875 533 quem
904 459 973 534 ipsc,
999 457 1185 515 Atrebatibus

137 553 308 633 superatis,
323 571 419 627 regem
434 552 474 608 ibi
489 552 686 620 constituerat,
701 551 783 624 cujus
798 561 826 606 et
839 551 972 605 virtutem
990 559 1018 606 et
1033 550 1185 604 consilium

132 632 306 719 ffiabut,
321 651 349 699 'et
363 661 446 714 quem
462 642 517 726 sibi
531 627 644 698 fidelem
660 641 849 696 arbitrabatur
852 641 1014 714 ,cujusque
1031 640 1185 695 auctoritas

16 722 189 1029 ιζ
127 722 238 897 giis
253 733 418 808 regionibus
432 721 529 808 magni
550 732 717 800 habebatur,
732 731 827 787 mittit.
870 730 948 786 Huic
970 731 1098 804 imperat,
1114 749 1184 803 quas

191 823 256 893 ssit,
282 823 364 880 adeat
386 823 526 892 civitates,
554 819 748 895 horteturque,
771 832 803 877 ut
825 821 924 896 populi
948 821 1075 877 Romani
1099 821 1184 877 fidem

141 925 324 986 sequautur,
347 931 436 986 seque
460 913 591 970 celeriter
613 911 647 968 ed
670 923 821 968 venturum
842 912 969 968 nunciet.
1010 912 1183 981 Volusenus,

139 1004 315 1104 perspectis
338 1003 515 1078 regionibus,
541 1013 679 1076 quantum
702 1002 729 1058 ei
751 1002 894 1058 facultatis
918 1002 979 1057 dari
1005 1002 1107 1076 potuit,
1135 1002 1184 1074 qui

139 1095 224 1149 navi
239 1094 336 1169 egredi
352 1112 386 1150 ac
400 1112 431 1150 se
449 1093 578 1150 barbaris
599 1089 777 1150 committere
798 1112 855 1148 ιιοιι
878 1092 1004 1163 auderet,
1018 1093 1118 1166 quinto
1138 1093 1184 1148 die

143 1184 190 1239 ad
208 1183 353 1240 Oaesarem
367 1185 535 1253 revertitur3
557 1202 677 1257 qumque
692 1183 731 1239 ibi
744 1183 943 1257 perspexisset,
958 1183 1116 1240 renunciat.

194 1273 299 1331 XXII.
328 1274 406 1331 Dum
420 1274 450 1331 in
471 1273 516 1331 his
537 1273 609 1330 locis
632 1273 730 1330 Caesar
750 1274 865 1330 navium
885 1274 1075 1348 parandarum
1097 1275 1184 1330 causti

143 1376 294 1436 moratur,
310 1384 346 1421 ex
359 1365 557 1441 magnb'parte
578 1363 758 1420 Morinorum
784 1365 819 1420 ad
843 1383 908 1421 eum
930 1365 1016 1440 legati
1035 1375 1183 1435 venerunt,

143 1457 207 1529 qui
229 1475 260 1512 se
282 1456 318 1512 de
339 1453 493 1530 superioris
515 1457 651 1530 temporis
675 1456 797 1512 consilio
821 1467 999 1524 excusarent,
1015 1455 1092 1528 quod
1107 1456 1185 1512 hom-

146 1547 220 1602 ines
241 1547 353 1602 barbari
377 1553 406 1603 et
428 1557 532 1603 nostrae
555 1547 771 1603 consuetudinis
795 1547 919 1622 imperiti
946 1547 1052 1602 bellurn
1079 1547 1184 1621 populo

147 1635 294 1693 Romano
316 1637 461 1707 fecissent,
476 1656 563 1710 seque
585 1656 629 1707 ea,
644 1657 706 1710 quae
729 1638 906 1712 imperasset,
922 1637 1046 1693 facturos
1069 1637 1185 1710 pollice-

148 1739 265 1784 rentur.
308 1727 374 1783 Hoc
389 1727 443 1783 sibi
465 1727 533 1783 satis
554 1727 832 1801 opportunri'Cursar
858 1727 997 1782 accidisse
1023 1727 1182 1798 arbitratus,

148 1817 235 1892 quod
250 1825 342 1892 neque
356 1829 420 1892 post
433 1827 546 1892 tergum
560 1818 670 1873 hostem
684 1817 845 1890 relinquere
866 1817 988 1886 volebat,
1003 1835 1096 1888 neque
1117 1817 1183 1874 belli

149 1909 275 1984 gerendi
300 1920 414 1986 propter
439 1909 506 1964 anni
530 1919 643 1982 tempus
667 1908 831 1964 facultatem
859 1908 991 1977 habebat,
1015 1925 1109 1980 neque
1134 1907 1184 1963 lias

150 1997 332 2055 tantularum
356 2017 451 2055 rerum
475 1999 680 2073 occupationes
708 1999 762 2054 sibi
790 1999 946 2054 Britanniae
971 1999 1184 2072 anteponendas

149 2089 313 2165 judicabat,
334 2109 469 2166 magnum
495 2090 538 2145 his
562 2089 694 2146 obsidum
718 2108 869 2145 nnmerum
897 2089 1024 2163 imperat.
1065 2088 1183 2150 Quibus

154 2179 298 2250 adductis,
314 2199 362 2236 eos
377 2182 406 2236 iu
420 2180 505 2236 fidem
520 2181 636 2254 recepit.
677 2179 809 2236 Navibus
821 2180 935 2236 circiter
951 2179 1069 2236 LXXX
1084 2199 1184 2236 onera·

153 2271 208 2326 riis
223 2272 330 2327 coactis
344 2272 565 2344 contractisque,
578 2283 646 2344 quot
659 2272 727 2328 satis
741 2290 804 2328 esse
820 2271 854 2326 ad
866 2271 937 2327 duas
951 2271 1183 2344 transportandas

154 2363 285 2436 legiones
306 2361 495 2431 existimabat,
511 2362 650 2434 quidquid
672 2372 810 2434 praeterea
830 2362 945 2417 navium
966 2362 1116 2436 longarum
1136 2361 1184 2416 ha-

156 2453 252 2521 bebat,
268 2452 411 2524 quaestori,
434 2451 536 2526 legatis
559 2451 756 2524 praefectisque
781 2451 933 2508 distribuit.
976 2451 1044 2506 Huc
1066 2452 1183 2508 accede·

135 2543 227 2597 'bant
241 2541 345 2597 XVIII
360 2541 497 2596 onerariae
518 2558 615 2606 naves,
630 2558 692 2612 quae
714 2559 749 2595 ex
771 2559 806 2596 eo
830 2541 895 2596 loco
918 2541 953 2595 ab
976 2541 1102 2595 millibus
1121 2561 1184 2614 pas·

156 2649 242 2686 suum
264 2629 337 2684 VIII
362 2639 448 2684 vento
473 2629 654 2697 tenebantur,
680 2628 735 2701 qud
758 2628 854 2684 minus
877 2630 906 2684 in
927 2629 1050 2686 eundern
1070 2643 1183 2704 portum

157 2719 306 2792 pervenire
330 2727 454 2792 possent.
496 2717 559 2773 Has
583 2719 726 2792 equitibus
748 2719 906 2788 distribuit3
937 2719 1079 2793 reliquum
1106 2739 1183 2780 exer·

160 2809 249 2864 citum
267 2808 306 2869 Q.
323 2807 440 2864 Titurio
460 2807 569 2865 Sabino
590 2819 618 2866 et
639 2809 671 2866 L.
688 2809 889 2866 Aurunculeio
913 2809 1005 2867 Cotta
1027 2810 1137 2886 legatis,
1152 2810 1182 2872 ιιι

159 2897 310 2974 Menapios
325 2911 409 2973 atque
432 2900 531 2957 ineos
554 2921 643 2978 pagos
667 2900 858 2971 Morinorum,
874 2902 908 2957 ab
931 2902 1034 2975 quibus
1060 2903 1093 2958 ad
1116 2923 1181 2960 eum

158 2988 244 3065 legati
259 3011 315 3047 nou
331 3003 475 3062 venerant,
491 2991 692 3049 deducendum
711 2991 798 3048 dedit.
840 2991 871 3050 P.
888 2992 1048 3067 Sulpicium
1069 2994 1181 3052 Rufum

157 3079 282 3156 legatum
297 3101 362 3138 curu
377 3101 412 3139 eo
424 3083 568 3158 praesidio,
583 3083 659 3157 qnod
680 3084 748 3139 satis
769 3102 832 3139 esse
856 3084 1054 3154 arbitrabatur,
1067 3097 1181 3159 portum

158 3181 255 3228 tenere
266 3173 357 3247 jussit.

197 3262 312 3319 XXIII.
341 3262 397 3319 His
418 3263 580 3320 constitutis
601 3265 695 3333 rebus,
715 3275 817 3322 nactus
838 3265 970 3322 idoneam
991 3265 1026 3322 ad
1047 3267 1182 3342 navigan·

159 3349 227 3405 dum
240 3361 446 3425 tempestatem,
460 3354 545 3409 tertia
561 3352 619 3410 sere
641 3355 738 3430 vigilia
760 3355 851 3426 solvit,
867 3356 1033 3430 equitesque
1057 3357 1087 3413 in
1111 3358 1182 3414 ulte-

160 3439 262 3496 riorem
275 3451 388 3514 portum
401 3443 535 3518 progredi
549 3455 577 3500 et
592 3463 677 3501 naves
692 3446 886 3502 conscendere
901 3457 973 3504 etse
988 3447 1067 3520 sequi
1079 3447 1179 3522 jussit:

160 3529 292 3601 aquibus
306 3549 392 3603 quum
408 3531 436 3587 id
449 3533 534 3606 pauld
552 3533 660 3592 tardius
682 3547 755 3593 esset
777 3537 1013 3607 administratum,
1030 3539 1089 3611 ipse
1111 3537 1180 3593 horai

158 3621 215 3675 diei
243 3621 357 3677 circiter
381 3623 481 3695 quarta
505 3644 571 3680 cum
598 3627 696 3700 primis
723 3628 843 3684 navibus
870 3628 1048 3684 Britanniam
1077 3627 1179 3701 attigit,

158 3722 242 3784 atque
257 3711 296 3767 ibi
311 3711 340 3767 in
354 3713 486 3770 omnibus
501 3715 621 3772 collibus
635 3717 777 3792 expositas
795 3718 919 3774 hostium
941 3719 1038 3790 copias
1059 3728 1180 3772 armatas

156 3802 312 3876 conspexit.
355 3801 445 3878 Cujus
459 3803 516 3860 loci
530 3805 592 3862 haec
606 3818 666 3864 erat
680 3817 798 3866 natura:
822 3806 892 3863 adeb
912 3807 1057 3863 montibus
1079 3824 1180 3882 augus·

155 3893 193 3948 tis
206 3911 284 3948 mare
298 3893 508 3963 continebatur,
523 3893 564 3953 utl
585 3913 621 3952 ex
640 3897 713 3957 locis
736 3897 930 3974 superioribus
953 3896 983 3952 in
1003 3895 1071 3955 litus
1091 3898 1179 3956 telum

471 3984 490 4040 6
502 3983 517 4016 ἡ
