2578 4270
135 321 176 378 66
462 319 509 368 bu
532 317 648 367 BELLO
671 317 830 366 Gannico
1046 317 1126 381 [Cre.
1148 319 1173 364 l.

138 461 328 519 contulerunt.
370 460 418 518 Ad
440 479 559 535 quarum
587 460 700 517 initium
720 460 854 517 silvarum
875 467 965 534 quum
985 459 1084 516 Ctesar
1104 477 1173 534 per·

138 555 270 622 venisset,
299 561 448 624 castraque
476 553 587 607 munire
609 552 787 620 instituisset,
812 568 906 623 neque
934 551 1023 606 bostis
1050 551 1172 606 interim

138 644 215 699 visus
228 655 312 712 esset,
327 643 461 716 dispersis
476 643 505 697 in
519 661 605 716 opere
626 654 739 711 nostris,
754 641 848 697 subitd
870 659 905 696 ex
926 642 1060 696 omnibus
1081 654 1171 715 partr-

139 733 192 789 bus
206 735 281 790 silvae
297 734 488 802 evolaverunt,
503 743 531 788 et
545 734 574 788 iu
594 743 705 788 nostros
725 733 863 805 impetum
884 732 1022 787 focerunt.
1064 732 1168 788 Nostri

139 825 269 880 celeriter
284 843 361 880 arma
383 835 530 898 ceperunt,
545 841 650 896 eosque
673 823 702 878 in
724 823 808 878 silvas
832 822 1012 896 repulerunt3
1034 834 1073 892 et,
1089 841 1171 878 com·

138 915 267 988 pluribus
288 914 455 983 intersectis,
469 912 584 989 longius
604 913 832 988 impeditioribus
850 913 922 969 locis
940 913 1042 982 secuti,
1056 931 1169 986 paucos

139 1022 174 1059 ex
188 1006 247 1061 suis
263 1004 492 1079 deperdiderunt.

179 1095 295 1152 XXIX.
323 1095 458 1168 Reliquis
478 1095 614 1168 deinceps
635 1093 736 1149 diebus
757 1092 856 1148 Caesar
881 1093 966 1150 silvas
991 1094 1104 1150 cedere
1126 1093 1170 1149 in-

140 1185 247 1254 stituit3
277 1196 315 1255 et,
337 1203 374 1241 ne
398 1186 462 1258 quis
485 1185 643 1241 inermibus
665 1183 949 1257 imprudentibusque
971 1185 1111 1240 militibus
1132 1186 1169 1240 ab

140 1275 228 1331 latere
252 1276 374 1348 impetus
396 1275 465 1348 lieri
480 1286 586 1349 posset,
610 1293 725 1330 omnem
746 1292 810 1330 eam
834 1275 992 1345 materiam,
1014 1294 1078 1349 quae
1106 1287 1170 1333 erat

140 1383 224 1434 cassa,
240 1383 405 1420 conversam
420 1365 455 1420 ad
470 1365 579 1421 bostem
601 1365 770 1434 collocabat,
785 1375 814 1421 et
834 1383 887 1439 pro
907 1365 982 1421 vallo
1003 1365 1038 1420 ad
1060 1377 1170 1422 utrum·

141 1473 196 1528 que
210 1455 284 1512 latus
294 1455 463 1511 exstruebat.
505 1454 673 1512 Incredibili
685 1455 831 1512 celeritate
843 1475 949 1531 magno
963 1456 1055 1531 spatio
1064 1458 1170 1531 paucis

140 1545 241 1602 diebus
255 1546 397 1616 confecto,
412 1564 500 1620 quum
518 1547 577 1620 jam
596 1565 687 1620 pecus
708 1558 794 1619 atque
815 1559 943 1603 extrema
963 1547 1171 1621 impedimenta

141 1637 177 1692 ab
200 1637 303 1694 nostris
326 1648 500 1707 tenerentur,
522 1637 575 1711 ipsi
597 1637 742 1693 densiores
765 1638 849 1694 silvas
871 1649 1011 1712 peterent,
1026 1639 1169 1712 ejusmodi

140 1737 322 1803 tempestates
336 1739 402 1784 sunt
417 1739 589 1797 consecutis,
602 1728 641 1783 utl
654 1747 726 1802 opus
740 1728 902 1784 necessario
916 1729 1169 1798 intermitteretur,

141 1829 170 1874 et
183 1820 398 1876 continuatione
413 1820 545 1875 imbrium
561 1819 668 1874 diutius
685 1819 738 1874 sub
758 1819 881 1893 pellibus
900 1819 1005 1876 milites
1024 1821 1169 1876 contineri

141 1927 199 1964 non
213 1921 336 1982 possent.
377 1910 488 1983 Itaque,
503 1910 618 1966 vastatis
638 1909 771 1966 omnibus
790 1927 890 1966 eorum
911 1910 995 1985 agris,
1010 1911 1082 1966 vicis
1102 1911 1169 1966 aedi·

142 1997 272 2070 ficiisque
293 1999 430 2068 incensis,
455 2000 552 2055 Caesar
576 2000 733 2056 exercitum
758 1993 889 2068 redusit3
918 2011 947 2056 et
974 2001 1004 2058 in
1031 1999 1169 2058 Aulercis

142 2087 342 2161 Lexoviisque‚
370 2089 488 2162 reliquis
515 2090 583 2146 item
611 2091 784 2161 civitatibus,
812 2110 875 2164 quae
902 2090 1031 2166 proxime
1060 2091 1169 2150 bellum

143 2177 279 2248 fecerant,
302 2179 331 2234 in
353 2179 479 2236 hibernis
500 2181 658 2238 collocavit.

356 2727 425 2824 ns
464 2761 653 2826 sunno
694 2759 954 2824 uranico

380 3041 383 3048 ,
459 3047 463 3056 ¹
534 2974 674 3028 uranu
705 2975 768 3026 1v.

182 3171 205 3228 Ι.
234 3171 288 3241 Et,
303 3189 366 3244 quae
388 3183 487 3230 secute
506 3183 558 3242 est,
574 3173 677 3244 hieme,
693 3174 741 3248 qui
764 3174 816 3232 suit
838 3193 929 3231 annus
949 3175 1003 3231 Cn.
1019 3174 1167 3249 Pompeio,

143 3259 184 3317 M.
209 3262 314 3318 Crasso
338 3263 513 3335 consulibus,
535 3264 667 3338 Usipetes
686 3266 823 3322 Germani
845 3276 874 3322 et
898 3266 965 3322 item
987 3265 1167 3322 Tenchtheri

143 3353 247 3426 magud
262 3371 327 3408 curn
343 3354 526 3411 multitudine
540 3355 688 3412 hominum
703 3356 808 3412 flumen
825 3356 962 3412 Rhenum
983 3357 1166 3426 transierunt,

143 3461 200 3498 non
215 3441 300 3518 longe
317 3444 427 3514 amari,
444 3445 499 3518 qud
515 3445 638 3501 Rhenus
655 3445 756 3502 influit.
799 3447 895 3502 Causa
915 3447 1080 3502 transeundi
1103 3447 1166 3518 fuit,

143 3531 219 3608 quiid
237 3533 271 3588 ab
293 3534 395 3590 Suevis
416 3536 576 3609 complures
595 3555 683 3592 annos
704 3537 838 3612 exagitati
860 3537 935 3594 bello
955 3538 1166 3612 premebantur,

143 3636 171 3681 et
186 3625 360 3700 agricultural
375 3627 605 3698 prohibebuntur.
648 3628 805 3683 Suevorum
827 3647 898 3704 gens
919 3640 961 3684 est
984 3627 1070 3704 longe
1092 3647 1168 3684 max·

144 3716 200 3772 ima
215 3728 243 3772 et
258 3717 473 3772 bellicosissima
487 3718 695 3772 Germanorum
710 3719 846 3774 omnium.
890 3719 930 3774 Hi
945 3731 1061 3774 centum
1079 3738 1167 3793 pagos

144 3805 248 3861 babere
263 3807 407 3874 dicuntur,
422 3827 456 3862 ex
471 3808 574 3878 quibus
588 3808 740 3877 quotannis
754 3809 866 3881 singula
885 3809 975 3864 millia
996 3821 1166 3866 armatorum

145 3891 268 3948 bellandi
283 3897 369 3951 causis
384 3915 419 3951 ex
439 3896 544 3950 linibus
565 3895 699 3949 educunt.
742 3896 871 3968 Reliqui,
887 3899 935 3970 qui
958 3900 1035 3956 domi
1059 3918 1156 3956 manse
