2626 4272
121 269 179 332 m
446 269 495 338 pn
515 267 635 320 anam
657 267 818 318 amaron
963 269 1168 336 [sarracenas

158 409 287 472 LXXX.
328 409 437 482 Onam,
464 411 543 468 omni
570 412 700 470 exercitu
725 410 760 468 ad
786 421 1070 487 utramquepartem
1092 429 1166 472 rnu-

118 502 260 562 ultionum
287 502 434 576 disposito,
456 513 497 572 ut,
519 503 543 558 si
571 522 639 558 usur
666 503 771 572 veniat,
792 521 877 558 suum
905 503 1027 576 quisque
1054 505 1163 563 locum

118 603 214 652 teneat
234 605 263 651 et
283 594 403 664 noverit,
418 593 577 667 equitatum
598 612 633 650 ex
654 594 755 650 castris
775 594 861 649 educi
876 605 906 650 et
922 595 1054 668 proelium
1074 613 1164 652 corn.

117 685 192 742 mitti
210 685 300 761 jubet.
342 684 413 742 Erat
433 703 468 742 ex
488 685 622 741 omnibus
642 685 754 752 castris,
769 703 833 758 quaa
854 703 1000 742 summum
1021 686 1160 760 undique

122 775 225 852 jugum
251 776 398 845 tenebant,
423 775 591 850 despectus;
627 785 712 848 atque
738 775 869 831 omniurn
896 775 1020 831 militum
1047 777 1160 834 intenti

119 867 207 924 animi
217 885 321 942 pugnae
331 876 501 941 proventum
512 866 724 939 exspectabant.
765 865 844 921 Galli
855 865 929 922 inter
943 868 1056 939 equites
1070 885 1162 924 raros

118 958 282 1034 sagittarios
301 956 507 1031 expeditosque
526 955 597 1011 levis
618 965 768 1015 armaturae
790 955 1002 1030 interjecerant‚
1017 957 1067 1030 qui
1093 959 1162 1014 suis

119 1048 289 1106 cedentibus
304 1047 410 1104 auxilio
423 1052 638 1116 succurrerent,
649 1056 678 1102 et
690 1055 853 1102 nostrorum
868 1046 996 1120 equiturn
1011 1047 1158 1122 impeturn

119 1139 302 1196 sustinerent.
344 1137 392 1194 Ab
413 1137 459 1198 his
478 1137 639 1212 complures
653 1137 695 1194 de
716 1137 869 1212 improviso
889 1137 1159 1212 vulueratipttelio

119 1230 306 1288 excedebant.
346 1228 450 1288 Quum
469 1247 537 1284 suos
557 1228 655 1303 pugni
675 1229 836 1302 superiores
856 1245 919 1284 esse
932 1227 1009 1284 Galli
1026 1228 1177 1300 munds,

119 1333 193 1389 rent,
206 1331 237 1378 et
256 1331 368 1376 nostros
381 1319 473 1393 premi
487 1319 671 1374 multitudine
691 1318 839 1386 viderent3
860 1336 895 1374 ex
910 1318 1046 1374 omnibus
1064 1319 1158 1393 parti-

119 1409 173 1466 bus
186 1422 215 1468 et
228 1410 259 1480 ii,
274 1410 323 1484 qui
339 1409 548 1466 munitionibus
561 1409 794 1479 continebantur,
806 1420 835 1466 et
849 1409 879 1478 ii,
894 1409 944 1482 qui
959 1408 993 1464 ad
1009 1409 1154 1466 auxilium

120 1513 325 1571 convenerant,
339 1501 465 1558 clamore
485 1510 515 1556 et
535 1499 646 1556 ululatu
666 1519 783 1558 suorum
804 1499 913 1556 animos
933 1498 1155 1557 confirmabant.

117 1591 210 1653 Qudd
237 1592 267 1649 in
294 1602 451 1668 conspectu
479 1591 608 1648 omnium
635 1609 681 1646 res
708 1591 871 1666 gerebatur,
885 1607 980 1663 neque
1007 1588 1088 1648 recte
1118 1609 1153 1647 ac

118 1683 239 1758 turpiter
260 1682 367 1740 lactum
388 1681 476 1739 celari
496 1693 617 1756 poterat,
640 1691 776 1754 utrosque
796 1691 826 1737 et
844 1680 937 1738 laudis
958 1680 1104 1755 cupiditas
1124 1691 1152 1738 et

119 1774 205 1832 timor
232 1773 397 1850 ignominia
426 1773 462 1830 ad
488 1772 622 1829 virtutem
649 1772 822 1828 excitabant.
867 1771 971 1831 Quum
993 1790 1010 1828 a
1030 1772 1153 1830 meridie

118 1883 207 1940 prope
222 1865 256 1921 ad
271 1865 339 1922 solis
352 1882 488 1922 occasum
502 1862 591 1920 dubit
606 1863 725 1920 victorii
738 1871 924 1938 pugnaretur,
938 1861 1078 1918 Germani
1092 1863 1151 1920 und

120 1954 150 2011 in
170 1969 250 2028 parte
270 1955 407 2012 consertis
427 1954 530 2014 turmis
551 1954 580 2010 in
602 1954 698 2010 hoster
726 1953 864 2027 impetum
888 1952 1029 2022 fecerunt,
1044 1971 1152 2026 eosque

119 2046 321 2120 propalatum:
343 2047 447 2120 quibus
468 2045 498 2104 in
519 2045 614 2121 lugam
636 2044 785 2118 conjectis,
799 2043 939 2120 sagittarii
959 2043 1151 2101 circumventi
1188 2059 1196 2082 ⁸

26 2159 27 2172 ¹
120 2136 320 2208 interfectique
340 2148 415 2194 aunt.
457 2136 530 2194 Item
551 2154 587 2194 ex
607 2135 724 2209 reliquis
744 2135 873 2210 partibus
893 2133 993 2204 nostri,
1015 2134 1153 2191 cedentes

119 2226 259 2300 usquead
273 2239 367 2284 castra
381 2227 514 2296 insecuti,
526 2226 571 2286 sui
585 2226 740 2302 colligandi
755 2226 920 2282 facultatem
929 2243 989 2282 uon
1000 2224 1148 2283 dederunt.

119 2317 160 2376 At
174 2318 205 2387 ii,
219 2317 268 2392 qui
290 2318 326 2374 ab
346 2317 447 2374 Alasit
460 2328 669 2393 processerant,
683 2317 787 2388 measti,
802 2335 890 2393 prope
908 2315 1032 2374 victorii
1051 2315 1152 2392 desque-

118 2409 191 2480 rati‚
206 2427 238 2468 se
253 2408 282 2466 in
295 2409 432 2484 oppidum
448 2420 627 2484 receperunt.

159 2500 302 2560 LXXXI.
344 2500 409 2558 Uno
422 2500 470 2558 die
484 2499 756 2572 intermissaflalli,
772 2509 857 2573 atque
870 2498 927 2556 hoc
938 2499 1033 2574 spatio
1044 2517 1152 2576 magno

26 2625 28 2674 ζ
119 2593 252 2664 cratium,
273 2592 426 2661 scalarum,
448 2591 645 2668 harpagonum
666 2609 788 2648 numero
803 2590 927 2659 'effecta
941 2590 1045 2648 mediii-
1064 2601 1147 2648 uuae

26 2677 28 2696 '
119 2684 234 2742 silentio
247 2703 283 2742 ex
297 2683 398 2740 castris
418 2683 536 2759 egressi,
552 2682 590 2742 ad
608 2687 783 2756 campestres
794 2681 986 2738 ‚munitiones
998 2681 1146 2740 accedunt

26 2839 28 2848 ,
120 2775 225 2831 Subito
238 2775 364 2832 elamore
383 2775 505 2844 sublato,
521 2773 577 2847 qui
591 2772 814 2848 significatione,
829 2772 922 2845 quiin
936 2771 1043 2846 oppido
1057 2773 1147 2830 obsid-

120 2865 252 2933 ebantur,
267 2866 304 2921 de
323 2885 377 2922 suo
397 2867 520 2922 adventu
541 2878 718 2938 cognoscere
736 2873 864 2937 possent,
886 2874 982 2920 crates
992 2862 1145 2937 projicere,

121 2953 227 3023 lundis,
242 2954 362 3030 sagittis,
377 2954 520 3029 lapidibus
533 2965 646 3012 nosnos
658 2953 695 3012 de
709 2953 784 3012 vallo
797 2953 960 3022 deturbare,
973 2952 1144 3026 reliquaque,

120 3063 184 3119 que
205 3044 240 3102 ad
261 3045 503 3121 oppugnationem
523 3045 677 3121 pertinent,
700 3035 906 3101 administrare.
949 3042 1063 3102 Eodem
1080 3053 1145 3100 tern-

120 3153 199 3211 pore,
214 3135 339 3194 clamore
362 3137 505 3207 exaudito,
527 3136 576 3194 dat
598 3136 669 3194 tubi
696 3135 812 3212 siguum
835 3134 897 3192 suis
917 3133 1143 3209 Vercingetorix,

122 3238 207 3300 atque
227 3242 263 3284 ex
282 3226 387 3300 oppido
406 3228 511 3285 educit.
554 3227 665 3297 Nostri,
686 3236 718 3283 ut
738 3225 933 3300 superioribus
957 3225 1059 3282 diebus
1082 3227 1146 3284 suus

121 3318 228 3390 cuique
248 3327 308 3374 erat
330 3317 411 3374 locus
432 3318 578 3387 delinitus,
592 3317 627 3374 ad
651 3317 827 3374 munitiones
855 3315 1015 3372 accedunt:
1044 3316 1144 3387 fundit,

121 3407 263 3466 librilibus
283 3407 467 3482 sudibusque,
482 3427 553 3482 quas
567 3408 596 3465 in
611 3427 698 3483 opere
718 3409 927 3482 disposuerant,
944 3425 977 3462 ae
998 3406 1144 3482 glandibus

120 3501 220 3558 Gallos
234 3509 399 3574 perterrent
439 3499 597 3572 Prospectu
608 3499 735 3557 tenebris
750 3499 892 3572 adempto,
904 3497 994 3554 multa
1007 3497 1144 3570 utrimque

121 3593 240 3649 vulnera
254 3590 449 3665 accipiuntur;
472 3589 620 3662 complura
629 3591 779 3646 tormentis
792 3589 852 3646 tela
865 3587 1068 3662 conjiciuntur.
1108 3587 1151 3644 At

122 3681 164 3740 M.
187 3683 332 3740 Antonius
358 3692 387 3738 et
413 3680 448 3738 C.
463 3679 639 3750 Trebonius,
667 3679 764 3754 legati,
793 3680 898 3752 quibus
925 3697 967 3734 en
993 3689 1090 3752 partes
1113 3678 1143 3738 td

122 3773 335 3832 defendendum
355 3773 539 3840 obvenerant,
554 3770 613 3843 qud
625 3789 661 3826 ex
673 3781 755 3844 parte
769 3782 881 3826 nostros
893 3769 986 3844 premi
1007 3767 1144 3828 intellexe-

123 3873 198 3930 rant,
205 3864 244 3922 iis
258 3864 364 3922 auxilio
377 3881 414 3920 ex
426 3861 610 3920 ulterioribus
624 3859 749 3916 castellis
762 3859 903 3916 deductos
914 3858 1118 3920 submittebant
