2566 4270
156 287 213 350 134
307 245 314 255 ⁶
481 283 530 334 nn
551 283 668 334 BELLO
691 281 851 334 GALLICO
983 286 1063 350 [Cra.
1079 285 1190 336 47-50,

153 427 234 505 prius
254 427 405 503 quisquam
425 445 540 483 murum
561 425 746 497 ascenderet:
762 436 820 484 tres
841 445 909 484 auos
930 437 1032 483 nactus
1054 427 1190 502 manipu-

154 519 237 588 lares,
253 529 337 592 atque
352 519 387 574 ab
402 517 437 574 iis
450 517 624 586 sublevatus,
636 535 747 572 murum
761 517 897 574 ascendit.
940 517 999 574 Eos
1010 518 1071 592 ipse
1086 536 1189 574 rursus

153 609 280 685 singulos
293 619 457 682 exceptans,
472 608 501 663 in
517 626 630 663 murum
644 607 752 663 extulit.

192 699 332 756 XLVIII.
360 699 480 756 Interim
494 698 525 768 ii,
540 698 589 772 qui
604 698 640 754 ad
655 698 773 754 alteram
787 709 899 772 partem
919 699 1026 774 oppidi,
1043 709 1074 755 ut
1096 697 1187 773 supra

154 789 419 860 demonstravimus,
436 788 604 846 munitionis
618 788 706 844 causi
723 799 927 859 convenerant,
940 788 1033 864 primd
1048 790 1188 846 exaudito

154 881 290 951 clamore,
304 880 372 936 inde
391 880 478 936 etiam
500 879 610 936 crebris
633 879 750 936 nunciis
772 879 894 949 incitati,
908 880 1043 954 oppidum
1070 881 1106 935 ab
1125 878 1188 936 Ro-

155 971 247 1027 manis
261 970 362 1040 teneri,
376 969 530 1046 praemissis
550 969 704 1044 equitibus,
720 989 825 1045 magno
846 989 988 1026 concursu
1009 969 1044 1029 ed
1066 982 1188 1027 conten·

155 1061 266 1118 derunt.
308 1060 416 1118 Eorum
432 1070 464 1118 ut
485 1061 606 1135 quisque
626 1060 735 1135 primus
755 1070 881 1130 venerat,
896 1061 949 1116 sub
972 1079 1056 1116 muro
1077 1061 1187 1118 consis-

154 1152 242 1221 tebat,
266 1169 440 1224 suorumque
472 1152 662 1226 pugnantium
693 1169 844 1206 numerum
875 1151 1005 1225 augebat.
1046 1151 1187 1212 Quorum

155 1261 242 1314 quum
257 1260 362 1316 magna
375 1241 529 1298 multitudo
542 1242 732 1309 convenisset,
748 1251 853 1299 matres
874 1240 998 1311 familiae,
1013 1259 1077 1314 quae
1097 1242 1187 1316 paulo

156 1330 221 1386 ante
238 1331 379 1388 Romanis
393 1332 429 1388 de
443 1351 526 1390 muro
539 1350 641 1388 marrus
654 1331 821 1402 tendebant,
833 1351 901 1388 suos
914 1332 1050 1388 obtestari
1064 1343 1093 1388 et
1104 1351 1185 1390 more

154 1421 268 1478 Gallico
289 1440 404 1496 passum
425 1422 560 1496 capillum
584 1433 728 1478 ostentare
752 1422 914 1495 liberosque
938 1422 967 1478 in
995 1434 1184 1497 conspectum

154 1511 280 1586 proferre
294 1522 450 1587 caeperunt.
493 1512 563 1569 Erat
576 1512 719 1569 Romanis
732 1531 787 1569 nec
802 1513 867 1569 loco
887 1531 942 1568 nec
962 1531 1084 1571 numero
1102 1532 1185 1586 aequa

155 1602 318 1660 contentio:
340 1603 423 1660 simul
438 1613 467 1660 et
481 1621 567 1660 cursu
582 1613 610 1660 et
624 1603 717 1678 spatio
729 1623 834 1678 pugnae
849 1603 1006 1680 defatigati,
1022 1623 1080 1660 non
1096 1603 1183 1660 facile

155 1704 286 1750 recentes
301 1705 385 1766 atque
400 1693 526 1769 integros
540 1694 726 1750 sustinebant.

194 1783 306 1842 XLIX.
335 1784 432 1841 Caesar
447 1803 535 1858 quum
549 1784 649 1858 iniquo
662 1783 728 1840 loco
740 1784 874 1859 pugnam,
886 1784 1067 1858 hostiumque
1084 1786 1183 1861 augeri

87 1868 95 1882 '
156 1875 253 1948 copias
267 1875 385 1944 videret,
399 1885 589 1950 praemetuens
603 1875 672 1944 suis,
689 1875 723 1931 ad
742 1874 779 1931 T.
796 1875 925 1931 Sextium
946 1875 1082 1950 legatum,
1098 1895 1183 1949 quem

155 1964 313 2020 minoribus
328 1966 428 2022 castris
441 1966 576 2040 praesidio
589 1966 752 2038 reliquerat,
765 1965 861 2035 mittit,
876 1976 907 2022 ut
921 1966 1053 2022 cohortes
1067 1985 1101 2022 ex
1124 1986 1184 2022 cas·

155 2053 206 2110 tris
221 2054 351 2112 celeriter
366 2057 512 2126 educeret,
527 2067 555 2113 et
569 2057 622 2112 sub
637 2056 735 2134 infimo
749 2056 822 2113 colle
844 2057 880 2112 ab
900 2056 1005 2113 dextro·
1017 2056 1106 2113 latere
1121 2059 1184 2114 hos-

156 2144 227 2200 tium
249 2146 451 2204 constitueret:
481 2159 521 2215 ut,
544 2148 569 2204 si
592 2158 704 2204 nostros
728 2147 862 2222 depulsos
885 2148 950 2204 loco
973 2147 1099 2218 vidisset,
1125 2147 1182 2222 qud

155 2232 252 2291 mimis
272 2235 362 2292 libere
387 2237 483 2294 hostes
507 2239 734 2311 insequerentur,
749 2249 876 2295 terreret.
918 2238 983 2314 Ipse
1004 2239 1123 2313 paulum
1147 2259 1182 2296 ex

156 2344 191 2382 eo
204 2326 269 2382 loco
283 2345 348 2384 cunr
364 2327 477 2403 legione
490 2347 667 2404 progressus,
678 2329 728 2386 ubi
743 2330 919 2400 constiterat,
931 2343 1063 2385 eventum
1078 2349 1181 2406 pugnas

155 2417 346 2490 exspectabat.

195 2507 227 2564 L.
262 2507 365 2568 Quum
394 2508 533 2566 acerrime
567 2511 699 2566 cominus
724 2523 910 2586 pugnaretur,
938 2511 1033 2567 hostes
1062 2511 1127 2567 loco
1153 2523 1182 2568 et

155 2618 285 2670 numero,
301 2599 390 2658 nostri
411 2599 515 2657 virtute
536 2602 729 2670 confiderent3
752 2601 846 2658 subitd
868 2613 934 2658 sunt
954 2603 1043 2658 AEdui
1068 2603 1131 2672 visi,
1146 2603 1182 2658 ab

154 2689 243 2746 latere
258 2692 361 2748 nostris
377 2702 483 2765 aperte,
498 2711 569 2765 quos
591 2691 688 2748 Caesar
711 2693 746 2748 ab
767 2692 865 2748 dextra
886 2704 966 2766 parte
988 2693 1043 2749 alio
1061 2713 1181 2750 ascensu

156 2782 257 2836 marnis
284 2782 453 2838 distinendae
482 2782 569 2838 causei
597 2783 720 2839 miserat.
763 2783 803 2838 Hi
827 2784 1014 2840 similitudine
1039 2804 1180 2842 armorum

156 2870 337 2927 vehementer
352 2883 463 2928 nostros
483 2884 715 2946 perterruerunt:
738 2893 782 2944 ac,
797 2875 909 2930 tametsi
931 2875 1038 2930 dextris
1056 2875 1182 2931 humeris

156 2960 274 3015 exsertis
289 2961 593 3031 animadvertebantur,
606 2963 681 3036 quod
697 2965 809 3040 insigne
822 2961 931 3038 pacalis
943 2983 1005 3021 esse
1017 2965 1180 3036 consuerat,

156 3061 251 3105 tamen
267 3050 295 3105 id
311 3051 402 3124 ipsum
425 3053 468 3108 sui
492 3053 608 3110 fallendi
631 3055 719 3110 caussa
741 3055 845 3110 milites
868 3056 902 3110 ab
925 3055 1053 3112 hostibus
1074 3057 1180 3113 factum

156 3137 363 3194 existimabant.
405 3141 515 3198 Eodem
529 3153 656 3216 tempore
670 3141 703 3198 L.
719 3141 827 3198 Fabius
844 3143 975 3198 centurio
996 3143 1102 3216 quique
1122 3143 1181 3199 una

156 3246 269 3283 murum
304 3231 500 3300 ascenderant,
533 3233 721 3288 circumventi
755 3243 839 3306 atque
866 3233 1009 3290 interfecti
1037 3234 1072 3290 de
1100 3253 1181 3290 muro

155 3318 377 3392 precipitantur.
420 3319 460 3377 M.
482 3321 622 3392 Petreius,
644 3323 771 3398 ejusdem
791 3321 913 3398 legionis
934 3325 1075 3394 centuri0,
1093 3343 1180 3398 quum

156 3419 251 3484 portas
265 3409 397 3466 excidere
416 3423 535 3468 conatus
556 3426 640 3482 esset,
656 3433 672 3470 a
692 3413 875 3470 multitudine
895 3433 1056 3489 oppressus,
1072 3434 1106 3471 ac
1126 3415 1180 3472 sibi

157 3493 320 3573 desperans,
335 3501 431 3556 multis
448 3501 507 3576 jam
528 3503 692 3560 vulneribus
714 3505 850 3580 acceptis,
866 3505 1091 3580 manipularibus
1111 3501 1179 3576 suis,

157 3591 205 3665 qui
221 3591 298 3648 illum
314 3591 407 3648 secuti
420 3603 510 3662 erant,
526 3599 544 3624 “
555 3594 718 3666 quoniam,”
735 3595 837 3669 inquit,
860 3603 935 3653 “me
955 3595 1014 3652 und
1034 3596 1179 3652 vobiscum

156 3701 269 3739 servare
282 3701 340 3739 non
353 3701 479 3756 possum,
494 3694 592 3740 vestrae
608 3685 722 3758 quidem
737 3685 816 3742 certe
831 3688 896 3744 vitae
914 3687 1096 3762 prospiciam,
1111 3705 1180 3759 quos

157 3774 314 3845 cupiditate
336 3773 432 3850 gloria
459 3774 598 3832 adductus
625 3776 654 3832 in
675 3777 836 3849 periculum
864 3777 978 3834 deduxi.
1019 3777 1091 3848 Vos,
1115 3775 1181 3835 data

158 3863 303 3934 facultate,
330 3865 411 3920 vobis
430 3865 599 3922 consulite.'’
642 3867 734 3922 Simul
761 3867 790 3923 in
815 3869 925 3926 modios
951 3869 1047 3925 hostes
1071 3869 1180 3944 irrupit.
