2566 4270
129 277 199 326 cn.
219 279 335 343 ro-raq
491 281 600 332 arnan
622 284 808 336 summus.
1105 290 1170 360 qm

170 419 274 481 LXX.
301 422 400 499 Opere
413 421 552 496 instituto,
567 426 599 484 fit
620 439 751 502 equestre
771 430 904 504 proelium
926 432 956 488 in
981 431 1015 488 etl
1038 432 1168 507 planitie,

129 531 221 587 quarn
238 512 430 571 intermissam
445 515 568 574 collibus
581 517 627 574 ΙΙΙ
642 520 733 577 millia
752 540 887 596 passuum
909 523 938 578 in
959 523 1168 598 longitudinem

128 615 235 678 patere
250 603 337 680 suprd
351 606 617 666 demonstravimus.
661 612 780 667 Summa
797 613 823 668 vi
846 613 881 668 ab
903 614 1030 686 utrisque
1052 627 1169 672 conteu-

129 695 221 752 ditur.
264 695 476 755 Laborantibus
489 700 593 756 nostris
615 701 712 758 Caesar
733 703 893 760 Germanos
917 705 1067 775 submittit,
1081 705 1169 780 legio·

129 805 246 860 uesque
259 805 312 862 pro
326 788 427 844 castris
441 790 598 862 constitnit,
614 810 650 848 ne
671 812 727 875 qua
744 793 838 850 subitd
854 794 973 868 irruptio
988 796 1023 850 ab
1044 796 1168 852 hostium

129 878 267 954 peditatu
281 878 338 936 fiat.
379 879 520 938 Praesidio
537 882 684 958 legionum
706 884 812 954 addito,
826 886 930 942 nostris
952 886 1063 942 animus
1085 904 1169 961 auge-

130 980 199 1028 tur:
224 970 331 1040 hostes,
347 969 378 1026 iu
392 971 490 1048 fugam
511 972 645 1046 conjecti,
661 992 692 1030 se
714 974 768 1048 ipsi
792 975 975 1031 multitudine
999 975 1168 1049 impediunt,

132 1071 223 1136 atque
239 1061 452 1138 angustioribus
465 1063 555 1137 portis
570 1063 678 1120 relictis
698 1075 889 1122 coarctantur.
932 1065 1011 1121 Turn
1031 1066 1169 1124 Germani

133 1151 235 1209 acribs
260 1171 351 1226 usque
376 1152 412 1208 ad
438 1154 613 1210 munitiones
642 1166 809 1229 sequuntur.
860 1156 908 1212 Fit
934 1175 1040 1231 magna
1066 1155 1167 1214 caedes.

131 1242 292 1312 Nonnulli,
306 1243 415 1302 relictis
429 1244 519 1317 equis,
535 1245 639 1302 fossam
656 1246 779 1303 transire
799 1258 827 1303 et
847 1247 1002 1306 inaceriam
1022 1257 1169 1305 transcen·

132 1333 203 1391 dere
230 1344 381 1391 conantur.
422 1333 545 1392 Paulum
566 1335 695 1412 legiones
716 1337 823 1407 Caesar,
845 1357 916 1412 quas
935 1356 988 1412 pro
1007 1337 1082 1394 vallo
1102 1355 1169 1394 con-

131 1425 280 1495 stituerat,
301 1426 461 1500 promoveri
478 1426 568 1502 jubet.
609 1427 679 1484 Non
700 1426 806 1499 miuus,
825 1430 874 1502 qui
897 1430 972 1486 intra
994 1428 1170 1486 munitiones

131 1527 230 1587 erant,
245 1516 321 1574 Galli
335 1518 556 1592 perturbantur;
578 1519 668 1576 veniri
683 1519 717 1575 ad
739 1539 769 1576 se
791 1520 942 1576 confestim
953 1512 1167 1590 existimantes,

132 1607 170 1663 ad
187 1626 271 1664 arma
284 1608 481 1678 conclamant;
503 1609 634 1666 nonnulli
648 1611 789 1684 perterriti
806 1611 835 1667 in
850 1611 986 1684 oppidum
998 1611 1167 1685 irrumpunt.

131 1698 361 1775 Vercingetorix
373 1699 455 1775 jubet
468 1709 564 1774 portas
579 1700 685 1769 claudi,
701 1719 737 1758 ne
758 1711 853 1756 castra
872 1701 1025 1758 nudentur.
1067 1699 1168 1759 Multis

130 1789 308 1860 intersectis,
323 1790 519 1865 compluribus
533 1790 614 1864 equis
629 1791 730 1864 captis,
744 1791 882 1846 Germani
897 1809 959 1847 sese
978 1791 1129 1864 recipiunt.

172 1881 290 1938 LXXI.
319 1881 549 1957 Vercingetorix,
573 1881 739 1956 priusquam
764 1881 939 1938 munitiones
965 1881 999 1936 ab
1024 1880 1169 1941 Romanis

131 1973 333 2048 perficiantur,
356 1973 508 2029 consilium
531 1973 617 2047 capit,
642 1991 757 2028 omnem
783 1972 818 2028 ab
842 1991 873 2028 se
897 1972 1055 2045 equitatum
1080 1983 1168 2028 noctu

133 2065 291 2122 dimittere.
333 2064 557 2121 Discedentibus
581 2063 707 2132 mandat,
737 2074 768 2119 ut
792 2071 892 2120 ‘suarn
921 2063 1042 2137 quisque
1068 2081 1168 2120 eorum

134 2157 284 2214 civitatem
300 2156 392 2226 adeat,
407 2174 572 2229 omnesque,
588 2155 636 2229 qui
651 2174 701 2230 per
720 2166 832 2212 aetatem
856 2174 934 2212 arma
955 2155 1027 2211 serre
1049 2155 1168 2229 possint,

137 2249 175 2304 ad
190 2247 298 2304 bellum
313 2257 436 2322 cogant:
459 2266 511 2303 sua
525 2247 554 2302 in
570 2247 633 2302 illos
654 2247 772 2304 merita’
788 2247 930 2321 proponit,
945 2247 1168 2318 obtestaturque,

135 2346 143 2371 ‘
158 2350 190 2396 ut
205 2357 264 2395 suae
279 2339 378 2394 salutis
392 2339 532 2394 rationem
547 2338 680 2402 habeant,
696 2356 751 2392 neu
767 2355 807 2406 se,
822 2338 858 2393 de
873 2337 1020 2394 communi
1039 2337 1169 2395 libertate

134 2427 247 2504 optime
263 2431 406 2496 meritum,
422 2428 451 2483 iu
466 2426 626 2482 cruciatum
648 2427 776 2482 hostibus
797 2427 921 2483 dedant:
944 2425 1022 2498 qubd
1042 2427 1066 2481 si
1087 2426 1170 2482 indil-

135 2519 296 2595 igentiores
311 2519 426 2586 fuerint,
442 2517 533 2572 millia
547 2515 695 2570 hominum
716 2517 828 2572 delecta
848 2515 967 2572 LXXX
988 2514 1047 2570 una
1070 2533 1169 2576 secum

136 2607 307 2667 interitura'
333 2609 528 2664 demonstrat:
558 2603 689 2660 ‘ratione
711 2605 793 2674 inita,
819 2606 992 2661 frumentum
1014 2622 1045 2658 se
1065 2603 1168 2678 exignd

137 2701 255 2759 dierum
275 2697 368 2754 XXX
390 2696 505 2765 habere,
521 2695 571 2751 sed
591 2692 678 2769 paulb
703 2695 789 2750 etiam
810 2691 925 2768 longius
947 2693 1067 2750 tolerare
1087 2713 1170 2767 posse

137 2790 304 2867 parcendo)
348 2788 404 2844 His
418 2787 492 2844 datis
512 2785 663 2855 mandatis,
678 2785 735 2860 qual
756 2799 816 2842 erat
840 2797 968 2840 nostrum
993 2802 1064 2858 opus
1086 2785 1171 2850 intes·

138 2883 270 2952 missum,
285 2880 412 2938 secunda
428 2878 525 2954 vigilia
540 2877 654 2936 silentio
668 2877 826 2951 equitatum
841 2875 974 2932 dimittit:
997 2875 1170 2934 frumentum

139 2992 228 3032 omne
242 2974 276 3029 ad
291 2991 321 3030 se
336 2971 402 3030 ferri
420 2970 517 3046 jubet;
539 2969 642 3045 capitis
662 2987 775 3043 poenam
797 2967 841 3037 iis,
857 2965 906 3040 qui
929 2985 986 3022 non
1012 2967 1169 3040 paruerint,

100 3055 103 3062 ’
141 3065 310 3122 constituit:
337 3082 437 3138 pecus,
462 3063 545 3137 cujus
567 3079 672 3137 magna
693 3071 755 3117 erat
777 3059 812 3114 ab
834 3057 1002 3116 Mandubiis
1023 3058 1176 3131 compulsa·
1275 3069 1277 3092 ⁴

142 3157 236 3230 copia,
251 3156 355 3212 viritim
376 3154 539 3222 distribuit;
562 3152 736 3208 frumentum
759 3147 846 3224 pared
870 3159 898 3204 et
918 3148 1055 3223 paulatim
1076 3147 1170 3208 metiri

141 3246 283 3316 instituit3
306 3245 403 3322 copias
417 3261 613 3316 omnesquae
630 3260 682 3315 pro
702 3240 808 3314 oppido
828 3239 1026 3309 collocaverat,
1042 3239 1072 3296 in
1092 3237 1171 3312 oppi-

142 3337 212 3394 dum
226 3338 335 3412 recipit.
378 3335 434 3392 His
447 3333 607 3392 rationibus
629 3331 733 3388 auxilia
753 3331 854 3388 Gallia:
875 3343 1040 3407 exspectare
1064 3341 1092 3388 et
1113 3329 1171 3386 bel·

142 3428 202 3486 lurn
218 3429 415 3484 administrare
428 3435 517 3500 parat.

183 3519 309 3578 LXXll.
336 3518 455 3579 Quibus
469 3517 555 3574 rebus
568 3533 602 3572 ex
617 3513 743 3588 perfugis
753 3525 782 3570 et
796 3513 915 3587 captivis
924 3512 1058 3588 cognitis,
1072 3510 1170 3566 Caesar

143 3610 205 3668 haec
220 3629 325 3685 genera
338 3607 506 3666 munitionis
527 3606 656 3662 instituit.
700 3605 818 3661 Fossam
844 3604 949 3678 pedum
971 3602 1030 3658 XX
1052 3599 1168 3656 directis

143 3701 280 3758 lateribus
306 3700 396 3769 duxit,
425 3709 456 3754 ut
483 3698 544 3772 ejus
569 3697 661 3754 solum
689 3696 857 3752 tantundem
882 3702 1002 3768 pateret,
1030 3686 1170 3762 quantum

143 3811 256 3850 summa
281 3792 361 3848 labra
387 3790 539 3846 distabant.
581 3787 723 3860 Reliquas
744 3804 844 3843 ornnes
871 3781 1044 3840 munitiones
1073 3778 1108 3834 ab
1134 3777 1170 3840 ed

144 3884 219 3941 lossd
242 3883 330 3958 pedes
353 3880 409 3938 CD
429 3879 559 3936 reduxit:
591 3879 620 3934 id
647 3879 703 3934 hoc
727 3875 859 3944 consilio,
886 3870 1037 3946 (quoniam
1058 3879 1169 3950 tanturn
