2578 4270
128 263 200 362 bn.
216 311 332 374 rs-aa]
510 313 617 362 11111
637 313 798 366 ruamus.
1118 319 1161 378 55

130 473 199 529 que,
215 455 319 529 quibus
334 453 369 510 ad
382 465 507 530 pugnam
520 475 579 512 nou
597 455 719 514 multum
740 458 861 514 Crassus
874 458 1045 529 confidebat,
1058 457 1159 534 lapidi-

132 546 188 601 bus
201 546 324 618 telisque
337 545 586 603 subministrandis
600 558 629 604 et
643 547 678 602 ad
700 567 832 623 aggerem
855 549 1010 622 cespitibus
1030 568 1159 624 compor-

130 636 229 692 tandis
243 637 368 709 speciem
390 646 474 709 utque
494 639 658 711 opinionem
678 640 865 714 pugnantium
887 640 1054 714 preberent,
1069 659 1157 712 quum

131 727 203 782 item
218 727 253 781 ab
268 727 395 782 hostibus
410 737 573 784 constanter
595 747 628 784 ac
649 748 706 784 uon
727 730 825 786 timide
846 741 1030 805 pugnaretur,
1046 731 1158 804 telaque

130 835 170 872 ex
192 817 258 872 loco
279 817 425 891 superiore
449 819 536 874 missa
557 838 615 875 non
637 818 740 876 frustra
764 821 943 889 acciderent;
965 823 1084 894 equites,
1104 823 1158 876 cir-

130 907 250 963 cumitis
275 908 399 987 hostium
423 908 534 978 castris,
556 909 661 964 Crasso
684 911 934 990 renunciaverunt,
957 919 1034 967 ‘non
1055 912 1156 968 eisdem

129 1015 197 1054 esse
217 998 366 1073 diligentis
391 999 426 1054 ab
448 999 609 1055 decumanis
632 1001 714 1074 portia
737 1012 831 1056 castra
854 1002 973 1070 munita,
988 1001 1158 1074 facilemque

130 1088 242 1144 aditum
263 1089 386 1144 habere!

171 1177 286 1235 XXVI.
315 1179 446 1249 Crassus,
467 1178 596 1252 equiturn
620 1179 771 1253 prefectos
795 1181 969 1251 cohortatus,
993 1191 1023 1237 ut
1046 1181 1158 1256 magnis

128 1269 258 1344 premiis
283 1269 594 1344 pollicitationibusque
618 1289 685 1326 suos
708 1271 875 1341 excitarent,
902 1271 971 1345 quid
994 1272 1055 1328 fieri
1079 1272 1155 1342 velit,

128 1359 265 1418 ostendit.
306 1359 363 1429 Illi,
378 1370 410 1416 ut
429 1370 491 1417 erat
511 1361 691 1435 imperatum,
706 1362 818 1418 eductis
838 1373 958 1435 quatuor
980 1362 1155 1432 cohortibus,

128 1470 206 1525 quae,
220 1450 353 1525 presidio
373 1451 473 1508 castris
494 1451 612 1522 relicus,
628 1452 730 1508 11111111
752 1454 788 1508 ab
811 1453 909 1510 labore
932 1465 1022 1522 erant,
1044 1464 1082 1523 et,
1096 1453 1157 1510 lon·

128 1541 212 1618 giore
226 1541 328 1598 itinere
342 1541 557 1611 circumductis,
572 1561 609 1598 ne
623 1560 658 1598 ex
676 1543 799 1600 hostium
823 1544 925 1600 castris
945 1544 1074 1618 conspici
1094 1563 1157 1618 pos·

128 1645 205 1702 sent,
220 1632 348 1688 omnium
362 1632 453 1688 oculis
468 1633 666 1706 mentibusque
681 1633 716 1688 ad
736 1652 862 1709 pugnam
884 1635 1010 1703 intentis,
1025 1635 1155 1692 celeriter

129 1723 167 1779 ad
185 1741 243 1792 eas,
258 1741 328 1795 quas
348 1722 481 1791 diximus,
496 1723 670 1780 munitiones
690 1735 898 1796 pervenerunt;
921 1735 1016 1797 atque,
1031 1725 1075 1779 his
1094 1743 1157 1798 pro·

128 1813 212 1883 rutis,
226 1812 306 1888 priris
320 1813 350 1870 in
374 1813 498 1868 hostiurn
522 1814 623 1868 castris
644 1807 843 1883 constiterunt,
858 1813 944 1886 qudm
964 1811 1049 1888 plane
1072 1815 1107 1870 ab
1121 1814 1159 1870 iis

128 1905 232 1974 videri,
258 1914 316 1973 aut,
339 1903 408 1978 quid
429 1904 471 1960 rei
494 1915 651 1978 gereretur,
673 1905 809 1979 cognosci
831 1915 933 1978 posset.
975 1903 1053 1960 Tum
1077 1903 1155 1974 verd,

129 1996 257 2051 clamore
278 1995 313 2050 ab
334 1995 368 2051 eri
389 2005 470 2068 parte
492 1994 599 2064 audito,
613 1995 702 2050 nostri
726 1995 925 2070 redintegratis
947 1995 1063 2065 viribus,
1078 1995 1154 2068 quod

128 2083 300 2160 plerbmque
314 2084 344 2140 in
358 2103 407 2159 spe
421 2085 547 2142 victoria
563 2085 694 2142 accidere
708 2086 866 2156 consuevit,
879 2084 973 2142 acriirs
988 2086 1155 2161 impugnare

130 2186 287 2250 coeperunt.
329 2175 435 2232 Hostes
461 2176 586 2249 undique
614 2177 812 2246 circumventi,
840 2177 996 2252 desperatis
1022 2176 1155 2232 omnibus

130 2267 225 2337 rebus,
240 2285 334 2340 seper
349 2267 522 2323 munitiones
536 2255 670 2341 dejicere,
685 2277 713 2323 et
727 2267 795 2342 fugat
810 2268 930 2324 salutem
946 2279 1043 2342 petere
1063 2266 1155 2322 inten-

118 2358 241 2414 ,derunt
282 2357 367 2418 Quos
391 2357 534 2428 equitatus
557 2357 741 2430 apertissimis
767 2358 876 2431 campis
903 2368 1094 2426 consectatus,
1119 2375 1154 2414 ex

130 2449 250 2505 millium
265 2447 474 2521 quinquaginta
487 2465 617 2514 numero,
632 2465 695 2518 quae
710 2465 745 2502 ex
764 2447 921 2520 Aquitania
944 2446 1153 2520 Cantabrisque

48 2533 51 2538 ’
131 2538 299 2595 convenisse
320 2536 479 2603 constabat,
494 2534 540 2588 vix
562 2536 663 2606 quarte
683 2546 762 2608 parte
783 2537 894 2604 relictis,
908 2535 998 2590 multia
1018 2550 1103 2592 nocte
1123 2555 1154 2594 se

131 2628 160 2684 in
175 2639 270 2682 castra
282 2625 399 2696 recepit.
1090 2671 1097 2685 ‚

74 2700 79 2707 ⁵
170 2714 300 2771 XXVII.
329 2713 396 2768 Hac
419 2711 515 2768 auditi
542 2711 649 2786 pugnat,
677 2712 801 2780 11111111
822 2731 887 2786 pars
908 2712 1072 2786 Aquitaniae
1092 2733 1155 2772 1111

132 2805 237 2861 Crasso
251 2803 369 2873 dedidit,
384 2802 553 2876 obsidesque
568 2803 641 2859 ultro
655 2803 751 2858 misit:
773 2822 830 2876 quo
850 2803 880 2858 in
900 2822 1020 2860 numero
1040 2805 1155 2864 fuerunt

132 2894 271 2964 Tarbelli,
296 2893 487 2969 Bigerriones,
508 2893 651 2963 Preciani,
673 2893 808 2963 Vocates,
830 2893 996 2964 Tarusates,
1012 2894 1152 2967 Elusates

130 2987 253 3055 Garites,
268 2985 369 3055 Ausci,
384 2985 533 3054 Garnmni,
549 2985 712 3053 Sibuzates,
725 2983 888 3063 Cocosates.
930 2985 1035 3042 Paucae
1046 2987 1153 3055 ultimae

130 3078 269 3147 nationes,
285 3077 352 3133 anni
366 3087 493 3151 tempore
507 3075 632 3144 confisae,
647 3073 725 3148 quod
739 3075 830 3132 hiems
848 3076 972 3146 suberat,
988 3076 1043 3133 hoc
1058 3078 1154 3136 facere

129 3168 323 3243 neglexerunt.

168 3257 313 3315 XXVIII.
341 3257 452 3314 Eodem
467 3253 527 3312 sere
541 3265 669 3328 tempore
684 3253 791 3324 Caesar,
807 3255 860 3312 etsi
874 3274 962 3330 prope
976 3266 1077 3314 exacta
1094 3256 1153 3330 jam

130 3359 212 3406 estas
225 3359 295 3416 erat,
306 3359 412 3415 tamen,
424 3344 511 3418 qudd,
522 3345 601 3400 omni
614 3345 709 3400 Gallis
722 3345 835 3419 pacati,
848 3345 955 3402 Morini
967 3345 1153 3421 Menapiique

130 3447 305 3512 supererant,
321 3437 369 3508 qui
385 3437 414 3492 in
429 3435 514 3492 armis
528 3445 633 3504 essent,
647 3453 740 3508 neque
755 3435 790 3492 ad
811 3426 876 3492 eum
899 3454 1024 3508 unquam
1045 3437 1153 3510 legatos

130 3529 166 3584 de
179 3545 251 3601 pace
270 3525 422 3594 misissent,
438 3525 588 3582 arbitratus
610 3525 638 3580 id
661 3525 765 3582 bellum
788 3526 919 3583 celeriter
941 3526 1045 3582 confici
1059 3543 1152 3598 posse,

130 3618 165 3676 ed
180 3616 337 3674 exercitum
353 3615 486 3672 adduxit:
509 3615 557 3688 qui
578 3614 663 3690 longe
686 3615 741 3672 alit
762 3617 882 3686 ratione,
898 3635 932 3672 ac
950 3615 1051 3687 reliqui
1066 3614 1151 3682 Galli,

132 3710 235 3766 bellum
259 3725 342 3782 agere
365 3706 555 3763 instituerunt.
597 3705 674 3762 Nam
699 3706 776 3780 quiid
798 3707 995 3781 intelligebant
1016 3704 1153 3761 maximas

129 3804 269 3870 nationes,
291 3819 353 3873 qure
373 3800 475 3874 proelio
495 3799 719 3868 contendissent,
735 3799 830 3872 pulsas
854 3807 1056 3871 superatasque
1079 3815 1151 3868 esse,

129 3893 365 3965 continentesque
379 3891 464 3948 silvas
479 3909 513 3946 ac
525 3891 645 3964 paludes
658 3889 812 3956 habebant,
827 3887 862 3943 ed
877 3903 908 3942 se
928 3903 1037 3960 suaque
1047 3889 1152 3948 ,omniu
