2566 4270
122 313 197 364 cra.
212 311 327 378 Μ]
484 314 592 366 traua
614 317 799 369 sutrinos.
1105 295 1162 382 aa

122 455 247 514 maximi
260 456 397 532 ponderis
409 457 485 516 saxis
503 461 697 533 morabantur,
712 462 911 536 moenibusque
931 462 1161 539 appropinquare

123 549 330 624 prohibebant.
1150 601 1154 611 ‚

170 639 287 695 XXIII.
318 639 410 696 Muris
425 651 519 698 autem
533 643 667 700 omnibus
686 644 808 700 Gallicis
829 644 891 702 haec
913 643 972 701 sere
995 641 1086 702 forma
1105 656 1157 704 est.

124 729 244 786 Trabes
269 729 395 801 directae,
409 745 553 806 perpetuae
575 734 604 789 in
629 735 849 810 longitudinem,
864 737 980 810 paribus
1003 733 1159 804 Interiallis

125 821 269 878 distantes
284 821 358 878 inter
379 841 410 878 se
435 823 517 880 binos
540 825 637 898 pedes,
653 825 682 880 iu
703 827 765 882 solo
788 827 982 884 collocantur:
1004 826 1047 884 hae
1068 829 1159 884 reuiu-

126 912 246 968 ciuntur
261 913 409 983 introrsus,
425 924 454 970 et
467 915 559 970 multo
578 933 681 990 aggere
701 918 869 973 vestiuntur.
910 917 955 973 Ea
976 928 1080 987 autem,
1095 937 1159 990 quaa

128 999 265 1076 diximus,
280 1003 429 1060 intervalla
443 1005 600 1080 grandibus
614 1007 643 1062 in
658 1006 750 1062 fronte
771 1007 846 1063 saxis
867 1007 1061 1063 offarciuntur.
1103 1007 1159 1063 His

129 1093 281 1150 collocatis
294 1105 323 1151 et
337 1095 556 1170 coagmentatis,
573 1097 645 1152 alius
661 1097 775 1172 insuper
789 1097 860 1154 ordo
881 1097 1023 1172 adjicitur,
1038 1107 1070 1153 ut
1083 1097 1160 1153 idem

129 1183 203 1241 illud
217 1185 395 1242 intervallum
410 1197 546 1257 servetur,
562 1205 656 1262 neque
670 1188 743 1244 inter
757 1206 788 1246 se
809 1188 977 1264 contingant
991 1187 1095 1257 trabes,
1109 1185 1160 1244 sed

16 1326 34 1340 υ
128 1275 248 1350 paribus
263 1275 431 1333 intermissae
445 1279 553 1352 spatiis,
569 1279 689 1354 singulae
704 1278 824 1355 singulis
838 1279 914 1335 saxia
928 1278 1084 1353 interjectis
1098 1273 1160 1334 artd

129 1367 342 1424 contiueantnr.
385 1367 436 1424 Sic
456 1368 593 1442 deinceps
614 1387 700 1426 omne
721 1389 793 1444 opus
811 1369 982 1439 contexitur,
997 1368 1065 1426 dum
1077 1367 1160 1444 justa

61 1497 64 1502 .
129 1457 206 1512 muri
223 1457 343 1514 altitudo
356 1459 510 1532 expleatur.
552 1459 619 1515 Hoc
633 1479 720 1534 quum
740 1462 769 1517 in
790 1463 916 1536 speciem
937 1460 1160 1532 varietatemque

129 1567 204 1622 opus
226 1547 352 1605 deforme
375 1568 433 1606 non
458 1561 510 1620 est,
532 1551 647 1606 alternis
670 1552 799 1608 trabibus
823 1571 857 1608 ac
879 1552 964 1620 saxis,
986 1569 1049 1624 quae
1073 1550 1160 1607 rectis

130 1639 218 1696 lineis
232 1657 297 1696 suos
311 1640 426 1696 ordines
447 1653 578 1709 servant;
599 1651 660 1696 tum
686 1642 719 1696 ad
743 1643 943 1697 utilitatemset
964 1641 1159 1696 defensionem

133 1729 249 1785 urbium
271 1749 411 1786 summam
430 1731 515 1787 habet
538 1732 794 1805 opportunitatem
817 1729 894 1804 qubd
915 1741 944 1788 et
970 1731 1005 1785 ab
1026 1727 1161 1786 incendio

131 1819 214 1894 lapiS,
242 1833 270 1876 et
296 1821 331 1876 ab
354 1823 442 1878 ariete
466 1821 586 1878 materia
610 1821 746 1890 defendit,
771 1839 845 1894 quae,
867 1819 1012 1894 perpetuis
1033 1819 1161 1875 trabibus

132 1911 221 1985 pedes
244 1912 443 1987 quadragenos
467 1911 637 1987 plerlrmque
661 1911 800 1968 introrsus
821 1911 959 1980 revincta,
983 1928 1077 1984 neque
1099 1929 1162 1985 per·

133 2002 226 2076 rumpi
241 2021 335 2076 neque
349 2003 467 2060 distrahi
481 2013 583 2079 potest.

173 2092 287 2150 XXIV.
316 2092 356 2150 Iis
376 2105 418 2152 tot
438 2095 523 2152 rebus
544 2095 681 2170 impedita
705 2094 927 2170 oppugnatione,
942 2091 1056 2163 militer,
1071 2111 1160 2168 quum

133 2193 194 2239 toto
217 2193 343 2258 tempore
366 2185 470 2262 frigore
495 2197 524 2243 et
547 2187 668 2247 assiduis
690 2185 1042 2256 imbribus'tardarentur,
1063 2197 1160 2241 tamen

133 2275 292 2332 oontInenti
314 2275 412 2333 labore
439 2277 536 2334 omnia
557 2278 620 2333 haec
646 2289 860 2351 superaverunt,
885 2288 914 2334 et
940 2277 1042 2333 diebus
1070 2273 1159 2332 XXV

134 2383 277 2440 aggerem,
305 2367 393 2422 latum
420 2368 509 2441 pedes
531 2367 715 2436 CCCXXX,
742 2367 829 2423 altum
853 2367 941 2440 podes
965 2363 1093 2434 LXXX,
1114 2383 1161 2422 ex·

131 2466 302 2513 struxerunt.
343 2458 447 2517 Quum
471 2457 495 2512 is
518 2473 631 2511 murum
656 2456 779 2512 hostium
803 2475 885 2530 paene
914 2456 1103 2530 contingeret,
1131 2465 1161 2512 et

131 2546 231 2602 Caesar
255 2547 289 2601 ad
309 2565 381 2618 opus
406 2544 616 2600 consuetudine
638 2545 802 2622 excubaret,
817 2545 978 2616 militesque
1000 2541 1161 2600 coliortare-

131 2647 190 2705 tur,
205 2653 244 2690 ne
267 2635 342 2707 quod
364 2633 483 2689 omnino
504 2643 616 2705 tempus
639 2632 674 2688 ab
698 2651 782 2706 opere
804 2634 1053 2700 intermitteretu13
1074 2632 1159 2706 pauld
1193 2675 1199 2687 .

134 2736 201 2782 ante
216 2724 328 2780 tertiam
343 2723 470 2798 vigiliam
484 2731 527 2779 est
542 2722 767 2780 animadversum
788 2723 897 2779 fumare
919 2741 1061 2797 aggerem,
1076 2741 1161 2796 quern
1258 2713 1262 2722 ¹

105 2821 115 2828 “
134 2813 273 2872 cuniculo
296 2814 390 2870 hostes
414 2813 638 2892 succenderant:
667 2814 826 2888 eodemque
848 2824 975 2887 tempore
996 2823 1056 2870 toto
1079 2833 1161 2872 muro

135 2907 261 2964 clamore
275 2907 395 2979 sublato,
408 2907 517 2965 duabus
531 2909 619 2984 portis
634 2909 669 2964 ab
685 2920 805 2982 utroque
819 2908 906 2965 latere
918 2907 1036 2964 turrium
1048 2905 1159 2984 eruptio

135 2999 228 3056 fiebat.
270 2999 329 3057 Alii
345 3001 421 3057 faces
437 3012 521 3074 atque
536 3001 643 3058 aridam
658 3001 806 3057 materiem
821 3000 856 3056 de
871 3019 953 3056 muro
974 2999 1002 3055 in
1025 2997 1159 3076 aggerem

133 3091 244 3147 emiuus
265 3091 419 3166 jaciebant,
442 3093 537 3167 picem
565 3092 746 3165 reliquasque
774 3110 828 3160 ree,
851 3091 954 3164 quibus
981 3091 1055 3167 ignis
1082 3091 1160 3148 exci-

132 3183 186 3240 tari
207 3195 307 3256 potest,
330 3184 506 3253 sundelrant3
530 3195 570 3253 ut,
592 3183 649 3257 qud
672 3182 795 3258 primirm
821 3194 1029 3254 occurreretur,
1046 3195 1094 3240 aut
1110 3183 1159 3242 cui

132 3275 175 3330 rei
199 3274 317 3330 ferretur
346 3275 493 3344 auxilium,
521 3275 568 3330 vix
588 3275 662 3331 ratio
691 3274 757 3330 iniri
784 3285 887 3348 posset.
928 3273 1052 3343 Tamen,
1081 3273 1158 3348 qubd

133 3365 264 3422 iustituto
279 3365 401 3420 Caesaris
415 3365 479 3420 duae
494 3384 604 3438 semper
625 3365 755 3440 legiones
774 3384 826 3439 pro
847 3364 946 3420 castris
968 3365 1158 3435 excubabant,

133 3455 287 3530 pluresque
307 3455 418 3528 partitis
441 3455 617 3528 temporibus
638 3467 719 3513 erant
738 3457 767 3512 in
790 3475 884 3530 opere,
900 3455 1033 3512 celeriter
1052 3455 1158 3511 factum

133 3556 188 3614 est,
203 3555 235 3601 ut
256 3544 303 3600 alii
324 3545 521 3619 eruptionibus
542 3547 715 3617 resisterent,
732 3547 779 3604 alii
803 3558 895 3603 turres
917 3547 1160 3616 reduceretis-ag-

133 3653 288 3714 geremque
310 3635 557 3706 interscinderent,
572 3639 665 3695 omnis
685 3637 751 3695 verb
773 3657 809 3694 ex
829 3637 929 3694 castris
949 3634 1103 3694 multitudo
1123 3631 1160 3690 ad

132 3703 370 3804 restiffguendum
384 3739 576 3785 concurreret.

173 3817 272 3877 XXV.
298 3817 401 3880 Quum
416 3817 445 3874 in
459 3817 592 3876 omnibus
605 3819 687 3891 locis,
702 3817 872 3892 consumpte
883 3815 942 3892 jam
955 3809 1066 3886 relique
1078 3818 1162 3892 part·

1098 4038 1120 4062 ,ὦ
1128 4019 1149 4044 μ
1156 4004 1179 4064 ἢ
