2566 4270
128 281 186 342 144
453 277 502 328 ns
524 271 652 344 sunno·
665 273 825 327 caturco
960 273 1038 338 [cn.
1054 275 1152 326 ⁷2-rr

127 432 202 480 esset
216 419 378 478 necessario
394 419 517 495 spatium
532 420 706 494 complearis,
721 435 777 476 neo
790 415 875 474 facile
890 426 983 475 totum
1004 435 1077 492 opus
1097 417 1161 477 mil·

128 524 199 570 rturn
214 514 320 568 corona
336 513 524 589 cingeretur,)
540 529 577 567 ne
598 511 635 568 de
655 509 808 584 improviso
828 520 877 565 aut
899 519 988 564 noctu
1010 509 1046 564 ad
1062 509 1161 567 enuni-

126 604 220 660 tiones
235 603 358 660 hostium
373 601 695 672 multitudoadvolaret,
711 611 760 657 aut
774 600 898 656 interdiu
913 600 971 656 tela
984 600 1014 656 in
1030 612 1159 671 nostros,

126 695 206 770 operi
234 694 400 764 destinatos,
429 694 574 768 conjicere
597 703 721 768 possent.
770 691 838 748 Hoc
866 691 1029 748 intermisso
1054 691 1158 766 spatio,

126 785 199 842 duas
220 785 319 854 fossas,
334 785 393 840 XV
412 785 501 859 pedes
525 785 607 860 latas,
621 785 723 840 eadem
746 783 897 839 altitudine
916 781 1068 857 perduxit:
1091 801 1160 856 qua·

62 949 68 954 ι
126 892 191 932 rum
205 875 380 944 interiorem,
392 876 599 950 campestribus
614 893 648 930 ac
661 859 794 930 demissis
808 873 888 943 locis,
902 873 975 948 aqud
989 891 1025 930 ex
1039 873 1160 930 flumine

127 965 254 1024 derivata
269 965 430 1040 complevit.
472 964 540 1022 Post
555 983 604 1022 eas
625 983 758 1040 aggerem
784 981 818 1020 ao
841 965 945 1020 vallum
970 963 1031 1020 XII
1052 964 1159 1040 pedum

128 1057 285 1126 exsuuxit3
317 1056 386 1112 huic
410 1055 529 1112 loricam
555 1055 716 1131 pinnasque
739 1055 853 1130 adjecit,
881 1055 1040 1132 grandibus
1066 1055 1159 1115 aenis

128 1147 322 1204 eminentibus
350 1147 385 1203 ad
413 1147 615 1204 commissuras
641 1147 802 1222 pluteorum
838 1157 923 1220 atque
957 1146 1081 1222 aggeris,
1110 1145 1158 1220 qui

128 1255 279 1294 ascensum
295 1238 420 1294 bostium
435 1238 598 1306 tardarent;
620 1248 649 1294 et
663 1248 755 1294 turres
769 1247 829 1294 toto
849 1255 936 1312 opere
956 1237 1158 1308 circumdedit,

127 1346 191 1402 quae
205 1328 293 1402 pedes
307 1328 426 1384 LXXX
441 1329 514 1384 inter
529 1347 559 1384 se
574 1329 719 1385 distarent.

167 1417 310 1475 LXXIII.
340 1418 409 1475 Erat
423 1419 524 1475 eodem
538 1429 666 1493 tempore
681 1430 708 1476 et
727 1419 872 1476 materiari
892 1428 922 1475 et
942 1417 1110 1475 frumentari
1130 1428 1159 1476 et

127 1519 222 1566 tantas
242 1509 416 1566 munitiones
440 1509 502 1566 lieri
526 1528 654 1580 necesse,
676 1509 831 1566 deminutis
853 1509 957 1588 nostris
979 1509 1080 1584 copiis,
1095 1529 1158 1584 qua

127 1597 243 1676 longius
257 1600 408 1656 ab-castris
420 1600 676 1676 progrediebantur
690 1620 696 1656 ε
720 1619 753 1656 ao
767 1619 974 1674 nonnunquam
993 1619 1083 1675 opera
1096 1619 1159 1658 nos·

127 1701 172 1748 tra
191 1690 268 1747 Galli
289 1701 400 1746 tentare
423 1703 508 1764 atque
532 1693 710 1766 eruptionem
731 1709 766 1748 ex
789 1691 895 1766 oppido
916 1691 1047 1766 pluribus
1069 1690 1158 1766 portis

128 1783 240 1838 summai
262 1781 289 1838 ri
314 1782 410 1838 facere
437 1782 624 1838 conabantur.
664 1782 767 1842 Quare
795 1783 828 1838 ad
858 1783 920 1838 haec
947 1801 1046 1839 rursus
1072 1801 1158 1858 opera

128 1871 292 1928 addendum
307 1872 405 1928 Caesar
424 1873 544 1947 putavit,
559 1872 616 1946 qub
641 1874 751 1929 minore
775 1891 896 1929 numero
919 1873 1043 1930 militum
1067 1873 1158 1930 murri-

127 1964 351 2020 tionesdefendi
366 1975 490 2038 possent.
532 1965 634 2038 ltaque
648 1966 758 2022 truncis
780 1966 911 2021 arborum
934 1976 983 2022 aut
1004 1965 1157 2022 admodum

127 2053 216 2110 firmia
239 2055 326 2111 ramis
349 2055 478 2126 abscisis,-
494 2065 579 2130 atque
603 2056 705 2112 horum
729 2056 876 2112 delibratis
901 2066 984 2130 atque
1004 2057 1157 2131 praeacutis

127 2143 337 2214 cacuminibus,
358 2156 503 2220 perpetuas
529 2146 626 2216 fossae,
642 2146 745 2220 quinos
767 2147 855 2222 pedes
880 2147 953 2217 altae,
968 2147 1155 2206 ducebantur.

127 2233 198 2290 Huc
211 2234 252 2290 illi
266 2234 377 2308 stipites
396 2235 525 2306 demissi,
540 2247 567 2292 et
592 2237 628 2292 ab
651 2237 749 2293 infimo
769 2237 901 2308 revincti,
916 2257 952 2295 ne
975 2237 1072 2294 revelli
1095 2257 1157 2312 pos·

127 2337 200 2394 sent,
216 2325 251 2380 ab
265 2325 351 2380 ramis
365 2325 538 2383 eminebant.
579 2320 675 2388 Quini
689 2339 770 2384 erant
784 2329 909 2398 ordines,
921 2329 1067 2403 conjuncti
1082 2329 1155 2386 inter

126 2433 158 2472 se
183 2426 267 2488 atque
291 2415 449 2489 inrpl-icati3
482 2416 538 2489 qud
567 2418 616 2491 qui
640 2418 823 2489 intraverant,
849 2438 879 2476 se
902 2419 955 2493 ipsi
984 2419 1156 2477 acutissimis

125 2505 207 2562 vallis
222 2505 387 2563 induebant.
429 2506 493 2564 Hos
508 2507 607 2582 cippos
626 2509 815 2583 appellabant.
857 2509 936 2566 Ante
957 2510 1017 2580 hos,
1032 2509 1156 2584 obliquis
1199 2499 1207 2508 ’

125 2597 275 2654 ordinibus
297 2597 327 2654 in
350 2598 544 2672 quincuncem
566 2599 719 2677 dispositis,
735 2601 850 2656 scrobes
871 2599 957 2656 trium
979 2601 1007 2656 in
1033 2601 1156 2658 altitudi-

125 2705 191 2750 nem
212 2689 318 2763 pedum
340 2689 531 2759 fodiebantur,
545 2691 683 2764 paulatim
705 2692 869 2766 augustiore
892 2691 926 2746 ad
949 2691 1078 2748 infimum
1103 2692 1156 2748 fas·

125 2778 204 2854 tigio.
256 2779 325 2835 Huc
347 2791 452 2836 teretes
476 2781 596 2855 stipites,
622 2781 735 2837 feminis
761 2782 959 2851 crassitudine,
985 2783 1020 2838 ab
1044 2801 1156 2839 summo

122 2869 262 2940 praeacuti
283 2880 312 2925 et
332 2871 459 2942 praeusti,
473 2871 695 2928 demittebantur
717 2871 765 2941 ita,
782 2883 812 2928 ut
832 2892 891 2928 non
913 2871 1035 2946 amplius
1057 2874 1155 2948 digitis

125 2955 168 3012 IV
183 2959 307 3016 exterra
322 2959 499 3018 eminerent:
521 2961 616 3031 simul,
632 2962 819 3020 confirmandi
835 2975 863 3019 et
877 2963 1040 3020 stabiliendi
1055 2964 1154 3034 causti,
1184 2985 1188 2992 ·

121 3047 232 3122 singuli
248 3048 283 3104 ab
297 3048 396 3105 infimo
410 3052 472 3106 solo
490 3052 578 3126 pedes
598 3051 674 3109 terrai
695 3053 938 3110 exculcabantur:
960 3054 1070 3128 reliqua
1089 3073 1155 3128 pars

126 3137 235 3193 scrobis
257 3138 291 3193 ad
313 3141 499 3198 occultandas
521 3142 639 3198 insidias
660 3143 814 3198 viminibus
839 3161 872 3198 ac
896 3144 1026 3218 virgultis
1047 3145 1156 3220 intege-

125 3227 217 3282 batur.
260 3227 355 3302 Hujus
383 3233 496 3305 generis
523 3233 618 3290 octoni
644 3233 759 3290 ordines
783 3233 872 3304 ducti,
897 3245 993 3290 ternos
1021 3235 1096 3291 iuter
1123 3254 1154 3292 se

124 3317 213 3392 pedes
233 3318 384 3376 distabant.
427 3321 460 3376 Id
482 3341 517 3378 ex
538 3324 724 3381 similitudine
749 3323 826 3381 floris
847 3325 938 3381 lilium
964 3325 1153 3400 appellabant.

125 3408 204 3464 Ante
228 3408 290 3464 haec
312 3409 404 3480 taleae,
428 3413 531 3484 pedem
554 3414 657 3489 longae,
680 3416 778 3471 ferreis
800 3415 892 3472 hamis
916 3415 1020 3485 infixis,
1034 3427 1101 3473 totae
1124 3416 1155 3474 in

125 3507 230 3556 terram
245 3498 466 3570 infodiebantur,
481 3503 730 3578 mediocribusque
752 3507 919 3562 intermissis
940 3507 1049 3580 spatiis,
1064 3507 1155 3563 omni-

125 3589 179 3646 bus
188 3590 265 3646 locis
279 3589 500 3662 disserebantur,
515 3611 586 3666 quos
600 3595 728 3650 stim-ulos
743 3597 937 3654 nominabant.

164 3679 304 3738 LXXIV.
334 3680 389 3737 His
403 3682 488 3738 rebus
505 3683 649 3757 perfectis,
665 3687 796 3759 regiones
817 3698 933 3743 secutus
954 3686 1041 3760 quiam
1061 3687 1155 3762 potuit

125 3771 302 3844 aequissimas
324 3791 377 3846 pro
397 3771 454 3830 looi
478 3775 591 3841 naturai,
606 3773 679 3830 XIV
705 3776 794 3832 millia
816 3795 952 3850 passuum
975 3778 1155 3851 complexus,

124 3875 208 3930 peres
222 3861 349 3934 ejusdem
369 3862 686 3938 generismunitiones,
702 3865 827 3922 diversas
851 3868 887 3922 ab
912 3867 967 3938 hia,
982 3878 1083 3932 contra
1107 3885 1156 3925 ex·
