2566 4270
113 283 153 345 ts
438 283 626 334 nasutio
649 261 808 334 cantico
944 283 1023 350 [cn.
1042 283 1143 331 rs-re

114 425 243 484 subsidio
269 425 436 484 cohortibus
469 445 486 483 a
519 425 643 496 Cessare,
673 437 757 500 etque
784 427 829 484 his
862 425 962 501 primis
995 425 1150 500 legionum

115 520 246 586 duarum,
261 535 349 590 quum
372 517 425 586 bae,
447 518 604 592 perexiguo
626 517 788 573 intermisso
811 517 869 573 loci
893 517 985 591 spatio
1007 517 1083 572 inter
1106 533 1150 584 se,

116 608 319 672 constitissent,
335 627 409 662 novo
422 625 528 682 genere
541 626 645 681 pugnae
659 608 817 681 perterritis
831 608 945 676 nostris,
960 625 1011 680 per
1033 607 1151 662 medios

116 697 305 754 audacissime
320 709 519 772 perruperunt,
531 715 618 771 seque
633 698 700 754 inde
714 699 874 754 incolumes
885 707 1064 770 receperunt.
1103 695 1151 752 Eo

116 788 163 844 die
186 788 226 848 Q.
251 787 391 844 Laberius
415 789 523 858 Durus,
547 789 680 844 tribunus
703 789 837 857 militum,
865 787 1045 844 interficitur.
1088 785 1149 855 Illi,

115 879 244 954 pluribus
259 877 393 934 immissis
409 879 585 948 cohortibus,
599 879 784 953 repelluntur.

156 967 239 1024 XVI.
268 968 347 1024 Toto
360 969 415 1026 hoc
430 970 459 1025 in
474 987 579 1045 genere
592 989 706 1044 pugnae,
722 987 810 1042 quum
827 967 994 1044 subuculis
1014 967 1149 1022 omnium

118 1077 152 1114 ac
166 1077 218 1133 pro
232 1060 333 1116 castris
346 1059 541 1130 dimicaretur,
556 1059 733 1116 intellectum
754 1071 797 1116 est
811 1069 923 1114 nostros
936 1068 1051 1133 propter
1064 1076 1151 1132 grav·

117 1148 216 1206 itatem
232 1169 385 1221 armorum,
400 1148 477 1224 qubd
498 1169 591 1223 neque
614 1149 726 1223 insequi
750 1149 887 1206 cedentes
909 1159 1035 1222 possent,
1050 1166 1150 1221 neque

119 1239 154 1296 ab
167 1239 258 1316 signis
271 1241 420 1298 discedere
435 1240 581 1310 auderent,
595 1237 691 1296 minias
710 1251 791 1313 aptos
803 1235 868 1306 §se
883 1239 918 1294 ad
932 1238 1016 1312 hujus
1030 1239 1150 1313 generis

118 1329 229 1388 bostem
240 1351 247 1400 ;
269 1331 380 1407 equites
395 1342 490 1388 autem
511 1349 616 1406 magno
636 1348 703 1386 cum
723 1329 855 1404 periculo
873 1329 975 1404 proelio
995 1329 1148 1398 dimicare,

117 1433 268 1496 propterea
295 1420 372 1496 quod
400 1421 441 1478 illi
469 1421 554 1478 etiam
579 1419 711 1476 consulto
737 1417 907 1494 plerbmque
931 1419 1077 1488 cederent,
1107 1430 1148 1488 et,
1212 1413 1220 1426 ’

119 1531 206 1585 quum
228 1510 344 1586 paulbm
371 1512 406 1568 ab
432 1511 594 1588 legionibus
615 1521 727 1568 nostros
748 1511 945 1579 removissent,
974 1527 1010 1566 ex
1037 1509 1150 1565 essedis

119 1601 276 1672 desilirent,
291 1614 320 1659 et
343 1603 464 1676 pedibus
483 1601 589 1676 dispari
613 1601 715 1676 proelio
739 1601 953 1658 contenderent.
995 1599 1149 1673 Equestris

120 1703 214 1749 autem
238 1693 329 1767 proelii
353 1693 426 1749 ratio
447 1703 476 1750 et
503 1693 672 1750 cedentibus
694 1706 722 1748 et
745 1691 961 1790 insequprtibus
983 1693 1041 1765 par*
1061 1702 1150 1763 atque

120 1782 196 1839 idem
209 1783 371 1856 periculum
395 1784 542 1840 inserebat.
584 1783 753 1840 Accedebat
774 1783 841 1852 huc,
856 1793 888 1838 ut
909 1800 1057 1854 nunquam
1079 1799 1151 1836 con·
1172 1833 1181 1846 ,

121 1872 195 1942 serti,
216 1873 266 1929 sed
287 1874 343 1930 rari
364 1875 533 1950 magnisque
554 1873 709 1930 intervallis
728 1873 937 1947 proeliarentur,
952 1872 1150 1945 stationesque

121 1962 271 2034 dispositas
285 1963 432 2034 haberent,
448 1975 532 2038 atque
548 1963 617 2020 alios
631 1963 679 2019 alii
693 1963 829 2038 deinceps
843 1963 1018 2037 exciperent,
1030 1961 1150 2037 integri-

122 2070 177 2124 que
191 2062 219 2107 et
233 2063 363 2109 recentes
377 2054 538 2130 defatigatis
552 2054 748 2110 succederent.

161 2141 259 2197 XVII.
288 2141 406 2198 Postero
419 2145 465 2200 die
479 2145 579 2218 procul
594 2164 611 2200 a
626 2145 725 2200 castris
740 2144 835 2200 hostes
850 2143 878 2199 in
897 2143 1019 2198 collibus
1040 2142 1149 2198 consti-

121 2242 227 2299 terunt,
253 2231 366 2304 rarique
393 2251 424 2289 se
450 2235 609 2304 ostendere,
631 2247 659 2302 et
681 2233 775 2291 leniris
802 2233 888 2307 quim
915 2234 1008 2308 pridie
1034 2244 1148 2289 nostros

122 2322 232 2394 equites
245 2321 346 2396 proelio
359 2322 499 2380 lacessere
514 2337 669 2399 coeperunt.
712 2325 769 2381 Sed
792 2324 921 2393 meridie,
937 2343 1025 2397 quum
1047 2324 1148 2380 Caesar

121 2412 276 2486 pabulandi
291 2413 378 2469 causei
392 2423 449 2470 tres
463 2414 590 2489 legiones
605 2427 689 2488 atque
705 2434 820 2471 omnem
840 2415 998 2488 equitatum
1020 2433 1087 2470 cum
1110 2414 1145 2470 C.

122 2501 271 2561 Trebonio
284 2503 379 2580 legato
393 2503 525 2575 misisset,
539 2505 657 2580 repente
672 2525 707 2562 ex
720 2505 853 2561 omnibus
867 2505 995 2579 partibus
1010 2505 1045 2560 ad
1059 2505 1148 2579 pabu-

122 2593 225 2652 latores
240 2596 449 2661 advolaverunt,
465 2595 516 2666 sic,
531 2595 572 2652 uti
589 2596 623 2652 ab
637 2596 727 2671 signis
747 2595 966 2670 legionibusque
981 2615 1038 2650 non
1061 2595 1148 2651 absis-

122 2694 222 2742 terent.
264 2685 373 2756 Nostri,
390 2685 492 2742 acriter
514 2685 543 2742 in
564 2705 613 2741 eos
634 2686 740 2759 impetu
763 2686 848 2754 sacto,
863 2687 1037 2760 repulerunt,
1053 2703 1146 2758 neque

103 2773 208 2829 ‘linem
230 2777 367 2847 sequendi
389 2777 527 2846 fecerunt,
543 2775 635 2849 quoad
657 2775 785 2831 subsidio
805 2777 905 2832 confisi
924 2776 1043 2849 equites,
1059 2795 1145 2848 quum

122 2874 186 2937 post
199 2881 230 2918 se
244 2864 370 2936 legiones
383 2865 521 2935 viderent,
534 2865 695 2940 praecipites
709 2866 804 2922 hostes
825 2877 963 2941 egerunt:
985 2885 1147 2942 magnoque

124 2971 222 3008 eorum
243 2970 363 3008 numero
387 2953 546 3024 interfecto,
561 2973 654 3028 neque
676 2954 719 3010 sui
744 2956 897 3030 colligendi
923 2975 1016 3028 neque
1041 2956 1147 3011 consis-

124 3041 203 3098 tendi
218 3051 265 3096 aut
285 3060 320 3098 ex
341 3043 447 3100 essedis
471 3045 620 3102 desiliendi
643 3043 806 3102 facultatem
832 3046 980 3102 dederunt.
1024 3045 1069 3102 Ex
1092 3045 1146 3102 hac

126 3129 192 3204 lugd
206 3131 344 3203 protinuS,
358 3152 421 3205 quae
443 3134 568 3208 undique
588 3147 791 3205 convenerant,
807 3137 913 3192 auxilia
933 3136 1145 3193 discesserunt:

122 3237 218 3291 neque
232 3229 296 3292 post
311 3221 338 3276 id
352 3232 464 3295 tempus
484 3243 609 3296 unquam
631 3225 748 3282 summis
769 3225 919 3281 nobiscum
941 3227 1032 3299 copiis
1053 3226 1146 3282 hostes

97 3278 341 3366 'contenderunt

164 3395 277 3454 XVIII.
306 3399 412 3468 Coesar,
428 3403 544 3476 cognito
558 3404 679 3459 consilio
698 3423 807 3474 eorum,
824 3405 858 3459 ad
880 3403 986 3460 flumen
1008 3405 1146 3462 Tamesin

126 3489 155 3545 in
169 3487 240 3544 lines
254 3487 460 3546 Cassivellauni
485 3493 641 3548 exercitum
663 3493 760 3563 duxit3
784 3495 859 3566 quod
884 3493 990 3550 flumen
1012 3514 1071 3551 uno
1091 3513 1147 3550 om·

125 3581 194 3636 nino
208 3579 273 3635 loco
290 3580 419 3652 pedibus,
436 3593 519 3652 atque
542 3581 596 3635 hoc
618 3602 702 3654 aegre,
717 3585 829 3640 transiri
850 3594 951 3657 potest.
994 3583 1039 3640 Εὸ
1061 3603 1145 3658 quum

126 3671 258 3739 venisset,
282 3669 407 3725 animum
431 3670 550 3725 advertit
572 3671 606 3725 ad
631 3672 745 3728 alteram
769 3674 895 3730 fluminis
915 3675 1005 3746 ripam
1030 3693 1146 3749 magnas

127 3777 188 3815 esse
203 3761 298 3834 copias
314 3760 435 3816 hostiurn
453 3761 624 3815 instructas:
646 3762 707 3832 ripa
721 3773 814 3818 autem
835 3772 896 3818 erat
917 3764 1009 3819 acutis
1030 3763 1146 3822 sudibus

126 3847 249 3916 praefixi·
272 3849 398 3915 munita;
423 3849 609 3920 ejusdemque
632 3849 744 3920 generis
767 3851 820 3905 rub
844 3850 918 3921 aqud
940 3850 1040 3908 defixas
1064 3853 1146 3912 sudes
