2566 4270
95 321 167 371 cr».
184 321 310 385 esi-aon
474 321 583 370 cisun
604 319 772 380 sumnus.
1102 315 1143 388 02

136 461 300 521 XXVIII.
329 463 485 538 Arpineius
512 473 540 520 et
566 463 681 534 Junius,
703 483 765 538 quae
788 463 948 534 audierunt,
971 463 1006 521 ad
1033 465 1142 542 legatos

95 553 249 610 deferunt.
298 554 354 624 Illi,
369 555 517 629 repentini
540 573 570 610 re
591 556 758 630 perturbati,
773 556 824 612 etsi
851 557 885 611 ab
910 555 990 611 hoste
1011 573 1045 612 ea
1065 558 1141 613 dice·

96 643 220 714 bantur,
237 664 301 701 non
315 655 410 701 tamen
425 646 597 721 negligenda
611 647 827 702 existimabant:
851 646 1030 719 maximeque
1045 648 1098 702 hac
1110 665 1140 704 re

95 736 362 809 permovebantur,
377 735 453 809 qudd
469 737 611 791 civitatem
632 737 786 812 ignobilem
802 749 886 809 atque
907 737 1043 792 humilem
1065 737 1141 793 Ebu·

96 843 207 881 ronum
236 827 295 882 suri
321 838 422 900 sponte
443 827 549 900 populo
573 825 707 882 Romano
729 826 834 882 bellum
856 827 950 882 iacere
973 845 1079 897 ausam,
1095 828 1141 884 vix

95 926 161 972 erat
178 917 376 972 credendum.
418 914 519 989 Itaque
535 917 569 972 ad
584 917 735 972 consilium
750 935 809 971 rem
824 916 965 986 deferunt,
980 935 1140 993 magnaque

95 1006 175 1062 inter
198 1026 252 1064 eos
268 1008 382 1064 exsistit
396 1007 597 1064 controversia.
638 1007 671 1063 L.
687 1007 903 1062 Aurunculeius
924 1008 1140 1081 compluresque

95 1098 213 1154 tribuni
242 1099 373 1154 militum
401 1109 430 1154 et
465 1098 623 1172 primorum
656 1098 789 1153 ordinum
823 1097 1015 1166 centuriones,
1050 1097 1140 1154 ‘nihil

96 1197 213 1245 temere
230 1189 390 1264 agendum,
404 1207 497 1263 neque
518 1207 553 1244 ex
574 1188 701 1244 hibernis
722 1187 829 1262 injussu
851 1187 974 1243 Caesaris
994 1188 1142 1244 disceden-

97 1278 179 1334 dum'
205 1279 432 1336 existimabant:
455 1279 638 1352 ‘quantasvis
662 1297 780 1353 magnas
800 1279 886 1333 etiam
906 1279 1003 1352 copias
1023 1279 1141 1335 Germa·

97 1387 207 1425 norum
224 1369 363 1426 sustineri
378 1389 461 1443 posse
483 1369 599 1425 munitis
623 1370 764 1426 hibernis'
781 1369 939 1424 docebant:
962 1368 1055 1424 ‘Rem
1077 1387 1140 1425 esse

99 1459 289 1529 testimonio,
309 1459 386 1533 quod
407 1462 530 1534 primum
552 1461 675 1516 hostium
700 1461 847 1534 impetum,
869 1460 965 1515 multis
987 1459 1061 1515 ultro
1082 1459 1141 1514 vul-

100 1550 227 1606 neribus
258 1550 353 1618 illatis‚
381 1548 533 1606 fortissime
568 1551 773 1606 sustinuerint:
807 1568 838 1605 re
871 1550 1053 1605 frumentarii
1083 1567 1141 1605 non

100 1641 217 1713 premi:
242 1641 354 1697 interea
367 1651 396 1697 et
410 1660 443 1697 ex
458 1641 594 1715 proximis
608 1641 744 1708 hibernis,
760 1650 788 1695 et
803 1659 820 1694 a
833 1639 947 1695 Caesare
965 1651 1142 1694 conventura

102 1731 279 1787 subsidia:'
307 1730 462 1806 postremi),
490 1731 576 1804 ‘quid
604 1749 666 1786 esse
703 1731 793 1785 levius
821 1739 869 1784 aut
895 1730 1015 1802 turpius,
1044 1728 1140 1801 quim,
1200 1798 1204 1806 Ι

104 1833 230 1879 auctore
246 1822 337 1891 hoste,
353 1822 388 1878 de
403 1821 521 1877 summis
535 1821 620 1876 rebus
634 1838 737 1894 capere
751 1819 902 1874 consilium
914 1820 943 1874 l'

147 1911 270 1969 XXIX.
293 1913 402 1969 Contra
413 1930 446 1968 ea
457 1911 589 1968 Titurius
599 1918 606 1943 ‘
616 1909 679 1967 serti
693 1909 832 1966 facturos'
846 1909 1019 1979 clamitabat,
1035 1916 1139 1983 ‘quum

105 2003 235 2076 majores
256 2004 378 2060 hostium
392 2022 511 2078 &manus
528 2003 669 2076 adjunctis
689 2001 851 2072 Germanis,
867 2001 1076 2070 convenissent,
1093 2011 1140 2058 aut

108 2111 202 2165 quum
219 2094 326 2168 aliquid
340 2095 509 2151 calamitatis
524 2094 553 2149 in
567 2093 704 2168 proximis
725 2092 853 2148 hibernis
873 2102 947 2148 esset
969 2103 1138 2166 acceptum:

108 2183 229 2240 brevem
255 2186 422 2242 consulendi
444 2204 506 2242 esse
528 2185 730 2240 occasionem:
762 2183 904 2238 Caesarem
928 2183 1056 2237 arbitrari
1078 2201 1140 2256 pro-

111 2273 222 2330 fectum
238 2277 266 2332 in
281 2275 408 2332 Italiam:
429 2295 522 2349 nequo
538 2276 618 2331 aliter
632 2275 775 2330 Carnutes
796 2273 987 2329 interficiendi
1008 2271 1139 2347 Tasgetii

111 2366 268 2422 consilium
295 2367 382 2422 fuisse
406 2378 554 2440 capturos;
584 2383 678 2436 neque
705 2363 865 2433 Eburones,
892 2363 914 2418 si
944 2364 991 2419 ille
1019 2363 1139 2430 adesset,

110 2455 194 2510 tantai
209 2476 275 2512 cum
298 2458 511 2529 contemptione
535 2455 624 2509 nostri
650 2453 684 2508 ad
708 2465 800 2509 castra
821 2466 956 2509 venturos
979 2471 1059 2508 esse:
1081 2473 1139 2508 non

111 2543 225 2601 hostem
241 2557 397 2614 auctorem,
412 2545 462 2600 sed
477 2563 537 2599 rem
552 2554 698 2616 spectare;
721 2545 837 2600 subesse
858 2544 1012 2612 Rhenum3
1034 2561 1140 2617 magno

112 2652 180 2690 esse
203 2637 357 2692 Germanis
381 2634 471 2689 dolori
495 2633 632 2687 Ariovisti
653 2643 772 2688 mortem
796 2646 824 2690 et
844 2635 1003 2708 superiores
1030 2644 1140 2690 nostras

112 2725 270 2780 victorias:
293 2724 392 2780 ardere
412 2723 545 2792 Galliam,
559 2733 601 2778 tot
621 2723 802 2778 contumeliis
825 2725 948 2798 acceptis
968 2725 1021 2779 sub
1042 2724 1139 2797 populi

115 2812 245 2870 Romani
273 2814 422 2888 imperium
456 2815 610 2885 redactam,
638 2814 784 2887 superiore
811 2815 901 2888 gloriri
934 2815 975 2870 rei
1009 2814 1139 2871 militaris

115 2905 277 2961 exstincta?
318 2903 475 2974 Postremo,
499 2905 580 2977 ‘quis
604 2905 659 2960 hoc
683 2905 737 2960 srbi
759 2905 951 2979 persuaderet,
974 2906 1035 2960 siue
1060 2905 1139 2961 cerui

116 3013 148 3050 re
176 2996 373 3071 Ambiorigem
402 2995 436 3051 ad
462 2996 600 3070 ejusmodi
629 2996 780 3051 consilium
804 2995 1008 3051 descendisset
1050 2997 1137 3051 Suam

114 3087 285 3143 sententiam
300 3087 329 3142 in
350 3097 499 3160 utramque
519 3097 629 3161 partem
650 3103 712 3142 esse
733 3095 842 3141 tutam:
864 3085 888 3141 si
912 3085 951 3140 nil
972 3085 1009 3141 sit
1030 3085 1138 3154 durius,

114 3178 194 3234 nullo
216 3178 345 3252 periculo
367 3177 402 3233 ad
425 3177 583 3252 proximam
607 3176 751 3250 legionem
772 3185 975 3249 perventuros;
997 3175 1021 3231 si
1045 3175 1141 3232 Gallia

114 3269 207 3325 omnis
222 3287 288 3324 cum
302 3268 454 3325 Germanis
475 3266 644 3335 consentiat,
661 3285 746 3321 unam
767 3284 829 3322 esse
850 3266 880 3322 in
901 3265 1046 3321 celeritate
1066 3265 1141 3339 posi·

114 3368 172 3414 tam
200 3360 328 3415 salutem.
371 3358 463 3415 Cottae
487 3357 601 3430 quidem
627 3367 711 3429 atque
738 3375 847 3425 eorum,
871 3355 919 3428 qui
947 3355 1139 3424 dissentirent,

114 3450 266 3505 consilium
281 3467 365 3522 quem
385 3449 503 3504 haberet
523 3448 653 3503 exituml
694 3446 728 3501 In
749 3465 806 3520 quo
826 3446 850 3501 si
871 3464 927 3500 non
949 3461 1073 3518 praesens
1093 3461 1141 3517 pe·

114 3541 248 3610 riculum,
272 3551 299 3596 at
320 3538 398 3596 certd
419 3538 577 3614 longinqui
600 3538 748 3593 obsidione
776 3537 865 3592 fames
892 3546 966 3591 esset
993 3535 1141 3607 pertimes-

115 3631 225 3687 cenda!
412 3685 414 3690 ,

155 3721 256 3778 XXX.
286 3720 351 3774 Ilac
367 3719 395 3774 in
417 3725 566 3790 utramque
586 3727 695 3792 partem
717 3715 909 3790 disputatione
929 3709 1036 3776 habita,
1052 3727 1141 3780 quum

116 3831 133 3869 a
160 3811 246 3867 Coris
271 3809 427 3884 primisque
455 3808 603 3863 ordinibus
632 3809 734 3864 acriter
756 3806 943 3871 resisteretur,
972 3799 1139 3871 “vincite,''

116 3904 219 3976 inquit,
235 3900 287 3956 “si
304 3899 342 3954 its
356 3897 468 3965 vultis,''
486 3897 628 3964 Sabinus;
650 3908 679 3952 et
701 3897 729 3952 id
753 3895 874 3950 clariore
896 3908 977 3961 voce,
991 3898 1024 3947 ut
1037 3907 1142 3970 magna
