2578 4270
124 315 319 384 Canio-³12]
490 314 598 368 LIBER
619 314 818 368 SECUNDUS.
1111 319 1150 376 35

123 478 222 518 corum
249 480 404 519 numerum
428 461 606 518 occiderunt.
661 461 717 518 Per
744 479 843 518 eorum
871 477 992 534 corpora
1024 458 1150 533 reliquos

123 552 314 609 audacissime
330 553 450 608 transire
464 565 602 609 conantes
620 552 803 608 multitudine
823 552 944 607 telorum
965 551 1148 624 repuleruut;

122 644 240 717 primos,
268 643 317 717 qui
341 643 520 712 transierant,
548 643 676 716 equitatu
701 643 911 698 circumventos
936 641 1148 698 interfecerunt.

123 731 241 803 Hostes,
256 735 305 788 ubi
319 744 348 790 et
362 733 397 789 de
412 734 603 808 expugnando
616 733 726 807 oppido·
736 744 764 789 et
780 733 817 788 de
837 732 955 788 flumine
975 733 1150 788 transeundo

123 839 206 896 spem
219 841 250 880 se
264 823 396 880 fefellisse
410 823 619 894 intellexerunt,
634 842 728 896 neque
742 834 853 879 nostros
868 823 896 878 in
911 821 1007 879 locum
1029 823 1150 896 iniquio-

123 929 185 968 rem
199 914 330 989 progredi
343 914 492 990 pugnandi
507 914 594 969 causti
608 914 750 984 viderunt,
767 925 851 987 atque
865 914 941 988 ipsos
961 932 1006 969 res
1027 914 1150 969 frumeu-

123 1003 197 1060 taria
210 1004 332 1061 deficere
347 1005 442 1079 coepit,
459 1001 584 1060 concilio
598 1015 766 1074 convocem,
781 1005 991 1060 constituerunt
1010 1005 1148 1078 optimum
1211 993 1217 998 ’

107 1097 108 1100 ’
123 1113 186 1152 esse
200 1095 317 1150 domurn
331 1114 411 1150 suam
426 1113 569 1169 quemque
583 1095 702 1164 reverti;
718 1106 756 1165 et,
768 1114 888 1168 quorum
901 1095 930 1150 in
945 1095 1015 1150 fines
1025 1093 1149 1168 primum

123 1184 251 1241 Romani
265 1187 423 1242 exercitum
438 1186 670 1256 introduxissent,
687 1187 722 1242 ad
736 1204 786 1242 eos
807 1185 1002 1242 defendendos
1024 1185 1150 1258 undique

123 1276 325 1346 convenireut;
347 1288 379 1333 ut
392 1275 487 1351 potius
502 1277 531 1332 in
546 1277 605 1333 suis
619 1276 705 1351 quam
727 1277 756 1332 in
778 1277 877 1333 alienis
898 1277 1002 1332 finibus
1023 1277 1149 1332 decerta-

123 1381 196 1439 rent,
211 1380 240 1426 et
254 1371 419 1426 domesticis
433 1359 524 1445 copiis
544 1371 585 1426 rei
607 1371 798 1426 frumentariae
819 1381 975 1427 uterentur.
1016 1370 1064 1425 Ad
1086 1389 1149 1426 eam

123 1461 294 1517 sententiam
309 1480 375 1517 cum
389 1461 506 1535 reliquis
520 1462 615 1518 causis
637 1462 699 1518 haec
720 1462 835 1536 quoque
857 1463 930 1518 ratio
952 1481 1001 1518 eos
1021 1462 1148 1532 deduxit,

123 1551 201 1625 qubd
215 1551 391 1608 Divitiacum
407 1563 490 1626 atque
505 1552 616 1608 AEduos
637 1553 741 1608 finibus
762 1554 979 1618 Bellovacorum
1001 1553 1150 1626 appropin-

123 1660 211 1714 quare
238 1653 439 1743 cognoverant.
482 1642 537 1698 His
562 1643 738 1717 persuaderi,
767 1654 797 1699 ut
825 1644 933 1699 diutius
960 1655 1147 1714 morarentur,

123 1749 217 1805 neque
231 1733 289 1788 suis
305 1733 442 1788 auxilium
456 1732 572 1802 ferrent,
586 1752 644 1788 non
658 1744 776 1806 poterat.

162 1823 216 1878 XI.
245 1823 289 1878 Ea
303 1841 334 1878 re
350 1823 487 1878 constitut
476 1823 659 1892 ta,secunda
674 1823 770 1898 vigilia
784 1842 887 1898 magno
901 1842 967 1878 curn
982 1843 994 1879 s
996 1823 1100 1897 trepitu
1116 1842 1149 1878 ac

123 1914 247 1970 tumultu
262 1914 362 1970 castris
377 1914 483 1989 egressi
498 1867 577 1968 riullo
592 1925 671 1970 certo
684 1915 785 1970 ordine
803 1933 896 1987 neque
917 1913 1046 1988 imperio,
1061 1934 1148 1987 quum

124 2005 179 2063 sibi
193 2005 313 2082 quisque
326 2005 449 2081 primum
465 1997 574 2061 itineris
588 2005 683 2060 locum
697 2017 816 2080 peteret,
829 2015 857 2061 et
871 2005 987 2060 domum
1000 2007 1149 2080 pervenire

124 2111 297 2174 properaret,
323 2099 461 2166 lecerunt,
490 2106 521 2152 ut
545 2097 703 2152 consimilis
730 2097 804 2172 fugae
830 2095 970 2170 profectio
996 2097 1147 2154 videretur.

125 2189 190 2246 Hac
205 2209 235 2246 re
250 2189 343 2246 statim
360 2189 456 2245 Caesar
470 2207 520 2263 per
537 2188 731 2262 speculatores
752 2188 878 2264 cognita,
894 2187 1016 2243 insidias
1032 2188 1147 2257 veritus,

124 2279 211 2353 qubd,
226 2281 282 2354 qud
303 2281 339 2336 de
363 2280 451 2335 causrl
473 2279 663 2349 discederent,
685 2279 811 2334 nondum
836 2289 1026 2354 perspexerat,
1042 2279 1149 2334 exerci-

61 2357 63 2362 ¹
125 2381 183 2426 tum
199 2372 412 2443 equitatumque
428 2371 527 2436 castris
542 2370 691 2425 continuit.
733 2369 830 2425 Prima
845 2370 920 2439 luce,
936 2369 1103 2425 confirmati
1118 2389 1148 2425 re

126 2462 160 2516 ab
185 2461 417 2535 exploratoribus
440 2479 552 2516 omnem
578 2461 745 2532 equitatum,
761 2461 809 2534 qui
834 2459 1020 2516 novissimum
1046 2479 1147 2534 agmen

58 2538 63 2552 ’
124 2563 291 2621 moraretur,
315 2551 459 2626 praemisit.
510 2549 565 2609 His
590 2550 630 2610 Q.
657 2550 776 2606 Pedium
805 2561 833 2606 et
855 2551 887 2606 L.
917 2550 1147 2605 Aurunculeium

125 2643 239 2699 Cottam
258 2642 366 2718 legatos
386 2640 522 2715 praelecit.
564 2640 600 2696 T.
616 2641 775 2696 Labienum
796 2641 922 2716 legatum
944 2659 1010 2694 curn
1031 2640 1148 2715 legioni-

125 2735 178 2789 bus
201 2735 292 2789 tribus
317 2731 451 2804 subsequi
471 2731 561 2805 jussit.
605 2731 655 2801 Hi,
680 2732 848 2788 novissimos
877 2730 977 2801 adorti,
1005 2742 1033 2787 et
1060 2731 1149 2788 multa

124 2824 215 2880 millia
226 2841 360 2897 passuum
375 2822 529 2896 prosecuti,
544 2841 675 2898 magnam
692 2823 902 2879 multitudinem
918 2841 1015 2878 eorum
1039 2822 1148 2898 fugien-

125 2915 196 2970 tium
218 2913 415 2982 conciderunt,
432 2932 518 2986 quum
541 2914 575 2968 ab
596 2924 722 2969 extremo
744 2915 866 2990 agmine,
884 2915 918 2969 ad
940 2933 1011 2988 quos
1031 2925 1147 2970 ventum

52 3043 54 3048 -
125 3015 195 3072 eret,
211 3005 407 3072 consisterent,
423 3003 588 3076 fortiterque
603 3005 738 3078 impetum
761 3017 923 3060 nostrorum
947 3005 1067 3060 rnilitum
1089 3024 1148 3060 sus·

125 3095 263 3162 tinereut;
285 3096 394 3168 priores
409 3093 485 3167 quod
502 3095 600 3150 abesse
616 3095 773 3168 epericulo
787 3096 959 3165 viderentur,
975 3113 1068 3169 neque
1090 3096 1147 3151 ulla

125 3186 294 3241 necessitate
308 3203 400 3257 neque
416 3185 535 3258 imperio
549 3185 773 3254 continerentur,
789 3187 925 3242 exaudito
938 3187 1072 3256 clamore,
1086 3205 1149 3260 per-

125 3275 244 3331 turbatis
259 3276 415 3344 ordinibus,
431 3294 531 3330 omnes
546 3275 574 3329 in
590 3275 657 3349 friga
669 3275 723 3330 sibi
738 3277 901 3349 praesidium
915 3288 1062 3351 ponerent.
1105 3276 1149 3333 Ita

126 3365 186 3421 sine
202 3366 259 3421 ullo
272 3365 401 3440 periculo
415 3375 522 3422 tantam
538 3383 641 3426 eorum,
658 3366 873 3429 multitudinem,
890 3367 978 3424 nostri
1000 3367 1149 3424 interfece-

126 3466 200 3524 runt,
216 3465 352 3528 quantum
368 3455 420 3510 luit
435 3455 491 3510 diei
507 3455 644 3528 spatium3
668 3457 720 3512 sub
734 3476 926 3530 occasumque
947 3458 1015 3513 solis
1036 3459 1150 3514 destite-

126 3557 201 3612 runt,
216 3563 302 3618 seque
318 3545 346 3599 in
362 3556 463 3614 eastra,
480 3555 510 3600 ut
524 3556 584 3600 erat
600 3546 778 3619 imperatum,
793 3558 970 3621 receperunt.

164 3635 234 3692 XII.
262 3635 404 3690 Postridie
427 3635 488 3707 ejus
513 3635 570 3690 diei
595 3635 701 3706 Cesar,
726 3635 806 3710 priris
829 3637 913 3710 quim
943 3657 972 3694 se
996 3639 1093 3692 hostes
1115 3655 1150 3691 err

125 3745 228 3799 pavore
254 3744 287 3780 ac
310 3725 377 3798 luga
402 3724 572 3795 reciperent,
596 3726 625 3780 in
648 3727 718 3782 fines
743 3728 940 3795 Suessionum,
956 3728 1003 3799 qui
1027 3726 1149 3798 proximi

47 3849 109 3912 4.
63 3815 228 3904 ‘Jffi'Remis
250 3824 340 3881 erant,
356 3811 513 3868 exercitum
535 3813 624 3882 duxit,
646 3827 684 3883 et,
707 3835 810 3890 magno
834 3817 935 3872 itinere
957 3816 1089 3871 conlecto
1092 3817 1149 3884 ud

44 3925 47 3938 ·
104 3891 261 3982 oppidum
290 3900 495 3957 Noviodunum
524 3912 591 3957 cont
580 3905 679 3958 tendit.
732 3865 769 3959 Id
793 3925 828 3960 ex
857 3906 958 3961 itinere
985 3926 1150 3980 oppugntre
