2566 4270
123 271 183 346 μ
450 270 499 322 nn
521 269 639 322 annuo
662 271 823 320 ssnnrco
958 271 1038 336 [co.
1055 269 1175 318 att-era

123 411 253 492 plorata:
282 411 352 486 quin
380 411 468 470 etiarn
495 413 565 490 ipsis
589 413 745 484 remittere,
769 413 793 470 si
821 412 878 470 sibi
903 409 995 488 magis
1017 413 1173 468 honorem

125 505 260 572 tribuere,
275 502 362 576 qudm
384 503 419 559 ab
438 522 469 560 se
489 505 610 561 salutem
629 505 761 579 accipere
785 504 955 560 videantur!
999 510 1017 534 “
1031 502 1111 558 Haec
1135 511 1173 558 ut

126 593 321 669 intelligatis,”
348 594 450 668 inquit,
476 593 618 652 “sincere
642 613 659 652 a
685 613 731 650 me
752 595 949 669 pronunciari,
973 593 1071 650 audite
1101 592 1172 648 Ro-

126 701 227 740 mauos
244 683 376 740 milites.’'
418 683 557 742 Producit
577 703 683 755 servos,
706 703 778 758 quos
799 684 830 741 in
853 683 1039 759 pabulatione
1058 681 1171 757 paucis

128 772 193 830 antd
208 772 310 830 diebus
323 785 484 849 exceperat,
499 785 528 832 et
542 775 617 832 same
636 776 819 848 vinculisque
839 773 1064 832 excruciaverat
1109 773 1169 842 Hi,

124 863 184 940 jam
208 863 274 920 ante
298 864 405 934 edocti,
428 883 491 938 quae
519 865 687 942 interrogati
713 865 949 940 pronunciarent,
975 864 1105 920 ‘milites
1134 881 1167 920 se

127 971 191 1010 esse
212 953 403 1029 legionarios’
426 955 549 1014 dicunt:
571 956 666 1012 ‘same
688 966 716 1012 et
741 955 838 1031 inopia
860 955 999 1012 adductos
1023 953 1102 1012 clam
1128 973 1167 1011 ex

128 1043 230 1100 castris
249 1043 352 1114 exisse,
374 1043 399 1100 si
421 1045 490 1119 quid
515 1045 651 1102 frumenti
672 1057 721 1102 aut
743 1045 857 1121 pecoris
879 1046 909 1102 in
933 1045 1009 1121 agris
1032 1045 1166 1120 reperire

127 1144 264 1208 possent:
286 1134 372 1192 simili
386 1153 501 1192 omnem
515 1137 673 1193 exercitum
695 1137 793 1212 inopia
813 1136 916 1211 premi,
930 1153 985 1193 nec
1002 1135 1063 1212 jam
1086 1136 1167 1194 vires

129 1223 262 1280 sufficere
288 1224 434 1296 cuiquam,
464 1243 520 1283 nec
548 1226 621 1283 ferre
648 1227 742 1302 operis
769 1227 898 1284 laborem
924 1245 1027 1302 posse:
1062 1226 1167 1300 itaque

129 1313 261 1372 statuisse
276 1313 484 1396 imperatorem,
499 1315 522 1372 si
537 1316 608 1372 nihil
627 1316 657 1372 in
673 1317 888 1392 oppugnatione
907 1317 1004 1392 oppidi
1023 1317 1167 1392 profecis-

129 1412 181 1470 set,
205 1401 300 1459 triduo
327 1403 484 1460 exercitum
510 1405 672 1463 deducere.r
715 1407 847 1478 “Haec,”
876 1407 978 1481 iuquit,
1007 1413 1056 1464 “a
1082 1409 1163 1478 me,'’

129 1490 360 1568 Vercingetorix,
382 1482 552 1552 “beneficia
572 1495 694 1567 habetis,
715 1515 802 1570 quem
823 1497 995 1572 proditionis
1014 1497 1165 1554 insimula-

129 1580 177 1652 tis,
206 1582 289 1658 cujus
309 1584 396 1658 operi
418 1585 480 1641 sine
504 1597 598 1642 vestro
621 1588 762 1662 sanguine
786 1598 897 1644 tentum
922 1588 1082 1646 exercitum
1102 1588 1164 1646 vic·

129 1681 220 1729 torem
242 1673 317 1730 farne
337 1692 419 1748 pane
444 1687 645 1750 consumptum
666 1677 786 1746 videtis;
817 1695 913 1752 quem,
931 1679 1051 1753 turpiter
1071 1697 1104 1736 se
1126 1697 1161 1736 er

130 1761 185 1819 bac
200 1762 267 1840 lugd
282 1765 478 1840 recipientem,
493 1783 599 1839 nequa
614 1767 715 1824 civitas
729 1768 788 1824 suis
809 1768 914 1825 finibus
934 1770 1068 1844 recipiat,
1083 1788 1099 1826 a
1114 1787 1162 1826 me

129 1853 274 1928 provisum
289 1856 359 1912 est.”

171 1941 257 2000 XXI.
285 1943 455 2002 Conclamat
472 1947 565 2003 omnis
586 1947 747 2018 multitudo,
763 1960 792 2005 et
812 1969 865 2006 suc
884 1967 964 2006 more
985 1949 1071 2006 armis
1092 1968 1161 2006 con·

132 2043 247 2106 crepat;
268 2035 345 2106 quod
360 2035 454 2093 lacere
475 2037 505 2093 in
526 2055 561 2093 eo
581 2039 767 2109 consuerunt,
783 2040 865 2115 cujus
885 2041 1044 2098 orationem
1060 2059 1160 2116 appro-

131 2121 219 2177 bant:
251 2123 423 2182 ‘Summum
447 2144 510 2183 esse
535 2127 802 2206 Vercingetorigem
824 2131 939 2202 ducem,
963 2150 1019 2188 nec
1040 2131 1077 2188 de
1098 2132 1160 2208 ejus

131 2211 187 2268 lide
198 2210 402 2282 dubitandum
424 2233 479 2272 nec
490 2217 597 2292 majore
611 2220 722 2276 ratione
736 2221 840 2278 bellum
854 2221 1045 2280 administrari
1054 2225 1156 2297 posse.¹

132 2301 279 2371 Statuunt,
294 2313 325 2358 ut
339 2303 440 2360 decem
454 2305 543 2363 millia
558 2307 705 2365 hominum
724 2311 837 2368 delecta
857 2330 892 2368 ex
912 2314 1045 2370 omnibus
1066 2313 1158 2388 copiis

131 2390 161 2447 in
189 2391 324 2466 oppidum
352 2394 565 2468 submittantur,
590 2417 646 2456 nec
673 2400 741 2456 solis
769 2401 948 2477 Biturigibus
975 2421 1156 2461 communem

131 2482 252 2539 salutem
266 2484 499 2542 committendam
514 2500 633 2546 censent
641 2509 649 2559 ς
671 2489 747 2563 qudd
762 2510 850 2565 penes
864 2511 923 2561 eos,
938 2494 962 2550 si
977 2494 1005 2549 id
1020 2494 1156 2581 oppidum

131 2573 325 2654 retinuissent,
340 2593 479 2632 summam
491 2577 620 2635 victoriae
635 2592 767 2637 constare
782 2581 988 2658 intelligebant.

170 2663 271 2722 XXII.
300 2667 444 2750 Singuhsri
460 2668 582 2724 militum
596 2681 757 2727 nostrorum
772 2671 868 2728 virtuti
883 2675 1005 2730 consilia
1018 2675 1155 2750 cujusque

131 2755 208 2810 modi
221 2755 368 2814 Gallorum
383 2759 582 2824 occurrebant,
594 2770 625 2815 ut
640 2771 683 2817 est
696 2781 814 2818 summae
829 2782 920 2837 genus
934 2765 1056 2822 solertiae
1072 2777 1155 2840 atque

132 2844 167 2898 ad
182 2845 279 2900 omnia
293 2847 429 2904 imitanda
445 2859 528 2922 atque
546 2849 706 2920 efficienda,
722 2870 784 2924 quae
808 2853 843 2908 ab
863 2873 977 2927 quoque
997 2856 1153 2928 tradantur,

133 2933 317 3006 aptissimum.
359 2935 435 2992 Nam
462 2949 491 2994 et
518 2939 626 3011 laqueis
654 2941 742 2998 falces
767 2944 940 3014 avertebant,
969 2965 1040 3019 quas
1067 2965 1154 3020 quum

131 3022 351 3094 destinaverant,
379 3029 526 3084 tormentis
557 3029 695 3086 introrsus
728 3033 923 3103 reducebant;
959 3047 988 3092 et
1022 3055 1153 3113 aggerem

132 3112 275 3168 cuniculis
298 3114 511 3188 subtrahebant,
539 3138 574 3175 eo
598 3120 745 3191 scientius,
770 3122 847 3196 quiid
873 3125 947 3198 apud
972 3145 1021 3182 eos
1044 3146 1153 3202 magna

131 3213 198 3257 sunt
222 3202 355 3274 ferrarire,
381 3217 464 3279 atque
487 3229 572 3266 omne
600 3230 691 3286 genus
718 3213 917 3271 cuniculorum
945 3227 1043 3272 notum
1072 3229 1153 3291 atque

131 3291 267 3348 usitatum
290 3305 339 3350 est.
382 3296 490 3353 Totum
517 3310 611 3356 autem
635 3321 747 3359 murum
770 3306 903 3360 exomni
927 3322 1007 3381 parte
1031 3309 1154 3364 turribus

131 3381 394 3455 contabulaverant,
423 3398 508 3461 atque
530 3390 582 3445 has
607 3394 693 3450 coriis
720 3395 886 3452 intexerent.
941 3397 1020 3454 Tum
1048 3400 1153 3456 crebris

131 3471 241 3528 diurnis
254 3476 459 3550 nocturnisque
473 3480 669 3552 eruptionibus
685 3497 733 3541 aut
748 3487 844 3561 aggeri
867 3488 962 3562 ignem
985 3489 1153 3560 inserebant,

132 3572 181 3618 aut
194 3561 299 3620 milites
312 3577 468 3640 occupatos
483 3567 512 3622 in
526 3588 612 3642 opere
628 3575 846 3646 adoriebantur3
869 3588 897 3633 et
918 3590 1077 3635 nostrarum
1099 3592 1154 3636 tur·

131 3653 205 3709 lium
221 3653 409 3726 altitudinem,
426 3656 564 3730 quantum
585 3660 635 3717 has
656 3666 837 3736 quotidianus
863 3687 948 3742 agger
969 3685 1152 3744 expresserat,

131 3745 291 3802 commissis
318 3765 433 3804 suarum
467 3749 587 3806 turrium
622 3755 713 3823 malis,
742 3757 946 3830 adaquabant3
982 3771 1010 3816 et
1045 3773 1153 3834 apertos

131 3826 282 3894 duniculns
299 3838 422 3910 praeusti
443 3857 477 3894 ac
504 3843 647 3912 praeacuta
672 3846 791 3901 materie
818 3860 846 3903 et
866 3848 931 3921 pice
952 3840 1152 3908 lervelactd'et
