2578 4270
107 297 242 386 oisse]
477 320 585 372 amm
607 321 773 380 aurnuns.
1118 323 1153 380 71

55 500 62 512 ·
111 463 286 538 complures
300 481 335 521 ex
350 463 385 520 iis
399 463 576 521 occiderunt.
618 465 723 521 Postea
737 461 805 520 verb
821 461 906 538 qudm
929 461 1072 536 equitatus
1093 481 1156 517 nos-

112 565 168 611 ter
183 553 212 610 in
228 556 522 630 conspectum.ve11it,
537 555 634 612 hostes
656 556 774 629 abjectis
794 555 878 610 armis
900 565 981 629 terga
1001 563 1154 622 verterunt,

113 663 304 720 magnusque
318 663 416 701 eorum
431 665 567 702 numerus
581 658 624 702 est
638 648 760 702 occisus.

165 735 342 792 XXXVIII.
372 735 468 792 Caesar
483 749 596 810 postero
610 737 657 792 die
671 737 708 793 T.
724 737 883 792 Labienum
898 735 1023 810 legatum
1038 753 1104 790 cum
1120 734 1155 790 iis

115 825 299 900 legionibus,
314 844 385 899 quas
399 844 434 882 ex
455 827 605 883 Britannid
627 828 787 896 reduxerat,
803 828 832 882 in
847 825 987 894 Morinos,
1003 826 1051 898 qui
1066 825 1155 881 rebel·

117 915 234 972 lionem
250 916 387 986 fecerant,
402 916 488 972 misit.
528 917 592 976 Qui
606 937 694 990 quunr
707 929 822 992 propter
842 917 987 980 siccitates
1007 916 1153 990 paludum,

119 1005 186 1080 qud
200 1024 231 1062 se
251 1006 422 1080 reciperent,
437 1025 495 1062 non
517 1006 664 1077 haberent,
679 1027 736 1080 quo
755 1008 887 1082 perfugio
911 1006 1056 1080 superiore
1080 1024 1155 1061 anno

120 1097 241 1153 fuerant
262 1097 316 1166 usi,
331 1115 431 1153 omnes
451 1094 511 1153 ferd
537 1096 567 1153 in
591 1108 760 1172 potestatem
784 1097 906 1153 Labieni
927 1106 1073 1152 venerunt.
1115 1096 1155 1152 At

118 1186 168 1247 Q.
183 1185 316 1242 Titurius
339 1197 368 1243 et
389 1186 423 1243 L.
446 1187 542 1257 Cotta,
557 1187 654 1263 legati,
677 1188 726 1262 qui
749 1188 778 1244 in
800 1187 1001 1262 Menapiorum
1025 1186 1095 1242 fines
1117 1185 1156 1242 le·

120 1277 230 1354 giones
250 1277 398 1347 duxerant,
413 1278 546 1334 omnibus
566 1297 666 1334 eorum
687 1278 762 1354 agris
782 1279 907 1348 vastatis,
923 1278 1072 1334 frumentis
1092 1295 1156 1332 suc·

122 1367 207 1436 cisia,
222 1367 351 1423 edificiis
364 1367 500 1438 incensis,
516 1367 594 1442 qubd
609 1368 737 1443 Menapii
752 1387 783 1425 se
801 1388 901 1425 omnes
922 1369 951 1424 in
972 1368 1155 1424 densissimas

122 1456 214 1515 silvas
229 1457 405 1528 abdiderant,
420 1477 451 1515 se
467 1459 501 1514 ad
516 1459 659 1516 Caesarem
674 1472 852 1533 receperunt.
895 1460 992 1515 Cresar
1007 1459 1036 1514 in
1057 1458 1155 1533 Belgis

96 1549 99 1556 ‘
122 1548 257 1605 omniurn
271 1549 417 1624 legionum
432 1549 552 1606 hiberna
566 1551 721 1606 constituit.
764 1550 807 1606 Εὸ
823 1551 886 1606 duae
898 1551 1014 1606 omnino
1026 1550 1155 1606 civitates

123 1659 165 1697 ex
179 1638 327 1696 Britannid
341 1640 456 1696 obsides
471 1640 619 1710 miserunt,
631 1642 747 1714 reliquae
763 1639 957 1715 neglexerunt.
1001 1640 1056 1696 His
1071 1641 1155 1696 rebus

122 1730 225 1808 gestis,
240 1747 276 1786 ex
289 1730 380 1786 literis
401 1730 525 1786 Caesaris
546 1731 657 1787 dierum
677 1731 739 1786 XX
757 1731 928 1804 supplicatio
951 1741 1088 1786 asenatu
1109 1731 1157 1785 de·

123 1833 207 1882 creta
220 1829 271 1879 est.

444 2093 841 2104 m

341 2352 411 2415 DE
450 2351 641 2414 BELLO
682 2351 942 2414 GALLICO

539 2549 682 2602 LIBER
711 2549 751 2601 V.

166 2727 191 2786 1.
219 2727 314 2784 Lucro
335 2721 475 2794 Domitio,
498 2722 593 2796 Appio
614 2722 737 2778 Claudio
758 2721 933 2791 consulibus,
949 2722 1100 2778 discedens
1122 2723 1157 2780 ab

128 2816 258 2874 hibernis
273 2815 369 2872 Caesar
385 2815 414 2871 in
429 2813 550 2884 Italiam,
566 2825 596 2870 ut
616 2814 768 2887 quotannis
790 2812 883 2868 facere
905 2812 1066 2883 consuerat,
1081 2814 1157 2890 lega·

129 2910 166 2965 tis
181 2909 309 2981 imperat,
324 2926 394 2981 quos
409 2905 569 2982 legionibus
583 2905 760 2980 prefecerat,
776 2901 828 2972 utl,
844 2902 928 2976 qudrn
943 2905 1079 2978 plurimas
1093 2925 1157 2980 pos·

129 3009 202 3068 sent,
218 2998 310 3054 hieme
324 3016 410 3054 naves
427 2997 619 3065 edificandas,
634 3007 800 3068 veteresque
821 2995 991 3051 reficiendas
1013 3007 1153 3066 curarent.

129 3089 236 3147 Earum
258 3090 373 3146 modurn
401 3089 577 3160 formamque
599 3087 782 3142 demonstrat.
825 3086 872 3141 Ad
894 3087 1068 3142 celeritatem
1089 3107 1156 3144 one-

129 3181 211 3238 randi
233 3181 493 3252 subductionesque
508 3176 595 3252 paulb
617 3176 686 3232 facit
706 3176 880 3247 humiliores,
898 3176 983 3250 quarn
1005 3179 1109 3251 quibus
1126 3179 1155 3236 iu

129 3281 227 3326 nostro
241 3271 311 3326 mari
326 3271 368 3326 uti
382 3269 601 3335 consuevimus;
625 3278 709 3339 atque
724 3266 752 3322 id
773 3285 808 3323 eo
829 3267 929 3343 magis,
944 3267 1021 3342 qudd
1041 3281 1155 3344 propter

132 3360 246 3415 crebras
261 3361 498 3415 commutationes
513 3369 632 3414 aestuum
654 3355 749 3413 minlrs
768 3377 888 3434 magnos
908 3359 948 3415 ibi
969 3358 1073 3416 fluctus
1094 3360 1155 3416 fieri

131 3461 320 3523 cognoverat:
343 3450 378 3504 ad
392 3468 480 3505 onera
494 3459 522 3504 et
537 3447 571 3503 ad
584 3448 794 3504 multitudinem
807 3449 1000 3522 jumentorum
1014 3461 1156 3524 transpor-

130 3537 247 3596 tandam
260 3539 346 3612 paulo
361 3540 485 3608 latiores,
501 3537 586 3611 quim
601 3539 703 3610 quibus
718 3539 747 3595 in
761 3540 878 3612 reliquis
892 3541 998 3596 utimur
1020 3543 1153 3596 maribus.

131 3629 194 3686 Has
208 3647 307 3684 omnes
322 3629 462 3685 actuarias
477 3629 595 3703 imperat
610 3629 680 3699 fieri,
695 3649 780 3702 quam
796 3631 830 3685 ad
845 3649 904 3686 rern
919 3630 1039 3686 multllm
1055 3629 1156 3684 humil-

130 3722 184 3778 itas
200 3720 320 3794 adjuvat.
362 3719 415 3788 Ea,
431 3739 493 3792 qure
514 3731 580 3775 sunt
600 3721 664 3775 usui
687 3721 719 3775 ad
746 3721 895 3776 armandas
919 3738 1014 3786 naves,
1030 3737 1065 3774 ex
1089 3719 1156 3774 Ilis-

129 3809 216 3886 panid
238 3811 380 3884 apportari
397 3809 486 3884 jubet.
527 3809 602 3884 Ipse,
618 3811 805 3868 conventibus
825 3811 926 3866 Gallias
942 3808 1081 3865 citerioris
1094 3827 1156 3885 per-

130 3902 212 3970 actis,
227 3900 257 3957 iu
271 3900 418 3976 Illyricum
432 3899 632 3974 proficiscitur,
647 3900 725 3973 quod
747 3919 763 3955 a
782 3899 904 3955 Pirustis
924 3898 1073 3958 finitimam
1094 3919 1157 3977 par-
