2566 4270
77 385 80 392 .
113 341 168 400 ‚on
454 339 502 389 nu
526 339 642 388 suaso
666 337 826 391 caturco
959 339 1039 404 terr.
1056 337 1159 388 so-ea

130 483 159 544 ln
180 484 225 542 his
246 481 477 540 administrandis
497 481 582 540 rebus
603 481 689 558 quarn
710 479 833 540 maxime
855 483 1022 540 concursari
1043 492 1073 540 et
1095 501 1162 539 cunr

129 573 311 630 simulatione
324 573 434 630 timoris
450 573 495 649 agi
511 573 600 648 jubet.
714 643 718 650 Ι

168 663 216 721 LI.
243 663 362 725 Quibus
375 665 509 720 omnibus
523 665 608 720 rebus
621 663 716 720 hostes
728 663 838 719 invitati
850 663 948 738 copias
959 664 1160 735 transducunt,

130 755 279 830 aciemque
294 755 392 830 iniquo
405 755 471 812 loco
491 755 685 823 constituunt;
707 754 811 810 nostris
831 743 905 810 verb
920 753 1005 815 etiam
1028 755 1064 811 de
1085 756 1162 812 vallo

129 845 270 916 deductis,
285 843 402 922 propius
417 844 568 915 accedunt,
583 855 611 902 et
628 844 685 901 tela
706 845 780 901 intra
800 844 989 901 munitionem
1012 863 1048 901 ex
1068 847 1162 902 omni·

129 937 183 993 bus
195 937 324 1012 partibus
345 936 505 1012 conjiciunt
515 956 522 1005 ;
544 935 782 1010 praeconibusque
803 935 1018 1005 circummissis,
1033 955 1161 1010 pronun-

125 1015 200 1084 'ciari
220 1027 332 1104 jubent,
354 1034 425 1084 ‘seu
440 1027 503 1102 quis
516 1025 617 1084 Gallus
637 1043 687 1082 seu
708 1025 861 1082 Romanus
880 1026 948 1082 velit
972 1038 1038 1082 ante
1058 1027 1159 1082 horam

129 1120 242 1176 tertiam
257 1119 292 1175 ad
307 1102 342 1176 se‘
352 1118 483 1189 transire,
497 1118 559 1175 sine
571 1117 702 1194 periculo
715 1115 821 1186 licere;
843 1127 907 1192 post
922 1117 950 1173 id
965 1127 1078 1192 tempus
1099 1137 1160 1173 non

130 1207 190 1266 sore
209 1210 414 1284 potestatem:’
438 1227 472 1265 ac
493 1208 536 1265 sic
556 1219 667 1266 nostros
689 1217 932 1283 contempserunt,
947 1217 988 1278 ut,
1002 1209 1159 1266 obstructis

130 1299 159 1354 in
182 1299 308 1374 speciem
331 1300 421 1375 portis
444 1299 565 1375 singulis
586 1300 735 1356 ordinibus
758 1298 909 1374 cespitum,
932 1298 1009 1372 qubd
1037 1317 1072 1355 ea
1099 1319 1158 1354 non

128 1408 211 1466 posse
226 1390 432 1465 introrumpere
453 1391 630 1460 videbantur,
647 1391 693 1446 alii
714 1390 820 1446 vallum
841 1407 927 1446 manu
948 1389 1090 1456 scindere,
1106 1387 1156 1444 alii

129 1479 218 1537 fossas
232 1481 375 1556 complere
390 1479 556 1556 inciperent.
598 1479 676 1538 Tum
692 1481 799 1551 Caesar,
815 1481 949 1538 omnibus
967 1478 1056 1554 portis
1074 1496 1158 1552 erup-

128 1571 207 1628 tione
221 1571 307 1643 sactd,
322 1572 507 1647 equitatuque
530 1573 644 1642 emisso,
660 1571 790 1629 celeriter
812 1571 906 1627 hostes
927 1568 1025 1626 datin
1047 1569 1156 1645 fugam,

100 1717 104 1725 .
128 1661 181 1732 sic,
197 1661 238 1720 uti
260 1664 378 1720 omnino
396 1663 544 1740 pugnandi
565 1664 652 1720 causd
671 1663 814 1720 resisteret
835 1677 938 1728 nern03
960 1677 1156 1735 magnumque

128 1773 164 1815 ex
178 1755 221 1811 eis
235 1773 386 1812 numerum
400 1753 518 1824 occidit,
534 1765 618 1828 atque
632 1771 730 1810 omnes
745 1749 829 1806 armis
843 1748 929 1806 exuit.

168 1845 231 1903 LII.
260 1843 389 1922 Longius
403 1845 534 1921 prosequi
549 1845 663 1910 veritus,
679 1840 754 1915 qudd
774 1840 850 1896 silvae
871 1839 1047 1914 paludesque
1067 1840 1156 1898 inter-

129 1937 279 2006 cedebant,
294 1955 387 2010 neque
402 1933 487 1994 etiam
501 1931 618 2008 parvulo
631 1932 802 1988 detrimento
816 1931 929 1988 illorum
950 1931 1046 1987 locum
1067 1933 1155 1989 relin-

129 2026 177 2100 qui
201 2025 324 2096 videbat,
347 2026 479 2081 omnibus
503 2023 561 2080 suis
583 2022 775 2078 incolumibus
800 2021 900 2096 copiiS,
922 2021 1022 2078 eodem
1048 2022 1095 2079 die
1118 2023 1154 2078 ad

128 2115 300 2172 Ciceronem
323 2113 459 2188 pervenit.
501 2113 650 2170 Institutas
671 2124 772 2182 turres,
787 2112 946 2170 testudines
967 2113 1154 2170 munitiones·

128 2225 182 2281 que
196 2205 319 2261 hostium
335 2203 506 2260 admiratur:
527 2204 667 2278 producti
687 2203 811 2280 legione,
827 2204 976 2279 cognoscit
996 2221 1054 2260 non
1076 2203 1154 2260 deci·

127 2315 205 2352 mum
226 2312 368 2368 quemque
392 2311 455 2350 esse
478 2295 610 2352 relictum
637 2295 757 2352 militem
784 2295 845 2351 sine
874 2295 998 2351 vulnere.
1042 2293 1086 2352 Ex
1107 2296 1153 2353 his

126 2385 260 2443 omnibus
283 2385 395 2461 judicat
422 2385 517 2456 rebus,
540 2397 647 2459 quanto
669 2405 734 2442 cum
755 2385 884 2460 periculo
908 2396 936 2442 et
957 2385 1063 2459 quanti
1084 2405 1151 2442 cum

125 2477 229 2534 virtute
256 2477 312 2534 sint
339 2495 384 2534 res
412 2475 634 2534 administratae:
669 2477 840 2534 Ciceronem
868 2495 921 2550 pro
954 2476 1016 2552 ejus
1049 2477 1152 2534 merito

125 2569 325 2646 legionemque
358 2567 518 2626 collaudat:
553 2568 736 2625 centuriones
769 2567 934 2643 singillatim
965 2567 1151 2642 tribunosque

125 2662 247 2719 militum
270 2661 400 2737 appellat,
417 2679 546 2734 quorum
559 2659 703 2735 egregiam
725 2658 811 2714 suisse
834 2657 967 2716 virtutem
988 2658 1152 2715 testimonio

126 2753 277 2810 Ciceronis
304 2761 484 2828 cognoverat.
526 2749 572 2807 De
594 2769 662 2806 casu
691 2749 792 2805 Sabini
820 2760 848 2806 et
872 2749 965 2805 Cottas
988 2747 1095 2805 certius
1116 2767 1152 2806 ex

126 2843 245 2916 captiuis
260 2843 416 2918 cognoscit.
458 2841 577 2898 Postero
599 2840 655 2910 die,
671 2840 812 2897 concione
836 2839 944 2910 habiit,
959 2859 1019 2896 rem
1041 2850 1150 2915 gestam

125 2933 267 3010 proponit,
288 2932 392 2988 milites
417 2933 579 2988 consolatur
603 2941 631 2990 et
653 2930 820 2988 confirmat:
849 2931 925 3004 quod
949 2929 1151 2987 detrimentum

127 3024 212 3100 culpe
237 3033 265 3080 et
288 3023 449 3080 temeritate
472 3022 559 3099 legati
584 3022 620 3079 sit
645 3033 804 3096 acceptum,
829 3021 885 3078 hoc
909 3021 1034 3096 aequiore
1057 3021 1152 3078 animo

126 3115 276 3174 serendum
291 3114 383 3185 docet,
399 3113 485 3189 quod,
502 3113 642 3172 beneficio
653 3113 771 3170 deorum
786 3113 988 3170 immortalium
1003 3123 1031 3170 et
1044 3108 1150 3170 virtute

126 3226 224 3264 eorum
252 3205 366 3280 expiato
392 3205 584 3276 incommodo,
612 3224 705 3279 neque
732 3204 862 3262 hostibus
889 3204 1002 3260 diutina
1024 3203 1151 3273 ,laetatiq

126 3316 220 3372 neque
240 3297 308 3372 ipsis
328 3295 439 3373 longior
460 3296 539 3353 dolor
560 3296 743 3371 relinquatur.

166 3387 245 3446 LIII.
273 3387 392 3445 Interim
408 3389 441 3444 ad
456 3388 615 3444 Labienum
631 3407 680 3462 per
696 3387 806 3444 Remos
827 3384 990 3443 incredibili
1006 3385 1153 3442 celeritate

82 3545 92 3560 .
127 3481 163 3538 de
177 3479 296 3537 victorici
312 3478 434 3536 Cesaris
448 3477 524 3536 fama
536 3479 686 3553 perfertur,
702 3489 742 3548 ut,
758 3497 845 3552 quum
866 3477 901 3532 ab
921 3475 1048 3533 hibernis
1068 3474 1153 3532 Cice-

126 3573 204 3630 ronis
229 3571 340 3628 abesset
364 3570 454 3626 millia
472 3587 607 3644 passuum
630 3569 744 3626 circiter
764 3567 830 3638 LX,
855 3567 948 3642 adque
968 3577 1031 3641 post
1054 3567 1153 3624 horam

126 3684 230 3722 nonam
246 3663 303 3721 diei
318 3663 415 3719 Caesar
429 3659 614 3737 pervenisset,
631 3672 695 3717 ante
717 3660 841 3716 mediam
862 3669 978 3715 noctem
1001 3657 1036 3713 ad
1056 3667 1154 3732 portas

127 3769 284 3814 castrorum
313 3755 419 3811 clamor
447 3753 578 3821 oriretur,
604 3771 660 3825 quo
682 3751 807 3807 clamore
829 3749 1002 3826 significatio
1025 3748 1153 3806 victoriae

127 3847 335 3920 gratulatioque
351 3845 386 3899 ab
401 3843 507 3900 Remis
518 3843 646 3898 Labieno
660 3842 747 3898 lieret.
791 3841 856 3896 Hac
876 3840 950 3896 Iamsi
966 3839 1001 3895 ad
1015 3839 1154 3896 Treviros

127 3935 245 4008 perlati.
260 3935 481 4000 indutiomarus,
496 3932 544 4002 qui
560 3941 672 4006 postero
686 3931 732 3986 die
747 3942 841 3986 castra
855 3929 975 3986 Labieni
986 3946 1155 4006 oppugnare
