2566 4270
132 325 189 386 11⁰
455 323 504 375 na
526 321 643 376 senno
666 321 825 376 caturco
962 322 1041 390 [cn.
1059 319 1164 374 aa-ar.

131 485 205 524 unus
218 485 254 524 ex
268 467 397 544 captivis,
413 473 431 500 ‘¹
442 467 511 542 quid
525 467 603 537 vos,’'
615 467 719 542 inquit,
735 475 753 500 “
763 467 839 524 hanc
850 467 983 523 miseram
998 485 1033 522 ac
1043 477 1164 522 tenuem

130 557 280 616 sectamini
294 558 430 634 praedam,
444 558 631 632 quibuslicet
648 559 706 634 jam
725 577 787 614 esse
803 555 1053 614 fortunatissimis?
1095 555 1164 612 Tra

131 648 184 705 bus
197 649 275 706 horis
288 649 473 706 Aduatucam
487 649 583 706 venire
597 649 731 724 potestis:
753 649 811 704 huc
831 667 931 704 omnes
951 665 1018 702 suas
1032 647 1163 702 fortunas

131 739 274 797 exercitus
301 739 501 796 Rornanorum
523 739 662 796 contulit:
692 736 826 814 praesidii
844 749 955 796 tanturn
983 747 1036 804 est,
1061 747 1097 793 ut
1124 755 1162 792 ne

130 847 228 886 murus
242 830 358 904 quidem
372 830 450 906 cingi
464 829 563 905 possit,
577 848 671 903 neque
686 831 836 904 quisquam
850 828 949 904 egredi
960 838 1041 884 extra
1053 827 1163 883 munit-

131 919 212 976 iones
232 921 362 978 andeat.''
404 920 510 977 Oblata
530 939 590 995 spe,
610 921 758 989 Germani,
783 938 868 993 quarn
888 919 967 976 nacti
987 931 1070 974 erant
1089 937 1163 994 prae·

130 1010 206 1080 dam,
231 1011 261 1068 in
283 1011 399 1070 occulto
417 1011 600 1086 relinquunt;
623 1010 677 1085 ipsi
697 1011 882 1068 Aduatucam
904 1009 1091 1080 contendunt,
1116 1011 1160 1067 usi

19 1115 30 1130 ·
130 1101 231 1158 eodem
246 1102 331 1172 duce,
346 1102 428 1178 cujus
441 1101 503 1159 baec
518 1101 627 1158 indicio
641 1111 842 1177 cognoverant.

171 1191 315 1250 XXXVI.
344 1193 460 1263 Cicero,
472 1192 524 1267 qui
547 1209 598 1266 per
622 1209 721 1248 omnes
745 1191 906 1266 superiores
925 1190 986 1248 dies
1007 1191 1161 1266 praeceptis

131 1282 254 1338 Caesaris
268 1284 379 1340 summa
394 1283 543 1358 diligentia
557 1282 661 1340 milites
679 1281 708 1338 in
729 1282 831 1338 castris
851 1282 1049 1352 continuisset,
1064 1301 1100 1338 ac
1122 1302 1161 1340 ne

35 1371 46 1388 '
131 1373 262 1430 calonem
286 1373 402 1446 quidem
424 1391 596 1447 quemquam
621 1383 701 1430 extra
724 1373 913 1430 munitionem
937 1371 1034 1448 egredi
1058 1391 1161 1447 passus

131 1474 215 1533 esset,
230 1463 352 1539 septimo
365 1464 412 1520 die
426 1463 557 1520 diffidens
577 1462 614 1520 de
633 1481 754 1520 numero
775 1464 884 1520 dierum
907 1463 1058 1519 Caesarem·
1072 1463 1159 1520 fidem

130 1565 317 1624 servaturum,
332 1553 412 1629 qudd
424 1551 539 1630 longids
553 1571 619 1610 eum
633 1573 814 1630 progressum
834 1554 976 1624 audiebat,
991 1571 1085 1627 neque
1101 1554 1161 1610 ulla

130 1645 167 1702 de
180 1645 241 1721 ejus
254 1645 348 1702 reditu
363 1645 438 1702 fama
453 1645 638 1714 afferebatur;
660 1646 744 1702 simul
757 1664 854 1702 eorum
868 1655 1014 1720 permotus
1028 1645 1158 1714 vocibus,

130 1737 179 1811 qui
201 1737 277 1794 illius
300 1736 466 1812 patientiam
486 1753 569 1812 paene
592 1736 787 1794 obsessionem
808 1737 995 1810 appellabant,
1016 1735 1159 1808 siquidem

20 1867 29 1877 ,
130 1846 165 1884 ex
180 1828 280 1886 castris
294 1827 393 1904 egredi
413 1847 471 1884 non
491 1827 608 1895 liceret3
630 1827 740 1884 nullum
761 1827 901 1903 ejusmodi
923 1847 1020 1882 casum
1043 1843 1161 1901 exspec-

130 1929 203 1988 tans,
218 1939 285 1992 quo,
299 1937 401 1976 novem
415 1917 552 1994 oppositis
566 1918 728 1994 legionibus
747 1919 928 1991 maximoque
948 1917 1087 1990 equitatu,
1104 1917 1162 1972 dis·

129 2009 220 2083 persis
241 2028 274 2065 ac
287 2027 369 2084 paene
383 2009 484 2066 deletis
499 2009 637 2079 hostibus,
653 2009 682 2065 in
697 2008 823 2065 millibus
836 2027 970 2084 passuum
985 2008 1030 2064 III
1052 2007 1159 2064 offendi

130 2109 242 2174 posset;
276 2100 402 2174 quinque
429 2101 561 2158 cohortes
589 2101 792 2158 frumentatum
821 2100 850 2156 in
876 2100 1019 2174 proximas
1046 2083 1161 2173 segetes

131 2190 217 2259 misit,
232 2207 303 2262 quas
317 2189 390 2246 inter
404 2201 433 2246 et
446 2202 540 2248 castra
554 2209 628 2248 unus
644 2191 763 2248 omnino
783 2191 865 2246 collis
886 2191 1029 2248 intererat.
1072 2190 1161 2246 Com·

130 2281 330 2356 plureserant
351 2280 380 2336 in
402 2281 503 2338 castris
524 2299 560 2337 ex
579 2281 741 2356 legionibus
762 2280 830 2358 aegri
852 2281 963 2350 relicti;
986 2281 1159 2353 exquibus,

131 2371 179 2446 qui
201 2371 256 2427 hoc
277 2371 369 2446 spatio
389 2371 498 2428 dierum
524 2372 737 2442 convaluerant,
753 2372 869 2428 circiter
893 2371 971 2428 CCC
987 2372 1039 2427 sub
1053 2371 1160 2426 vexillo

131 2461 190 2520 und
213 2464 383 2520 mittuntur:
412 2481 518 2538 magna
540 2475 679 2537 praeterea
704 2463 858 2520 multitudo
885 2463 1028 2532 calonum,
1052 2480 1161 2536 magna

67 2601 72 2614 ,
130 2555 173 2612 vis
196 2554 400 2631 jumentorum,
428 2573 491 2628 quae
519 2553 549 2610 in
576 2553 677 2612 castris
705 2554 881 2625 subsederat,
906 2554 982 2610 sacti
1006 2563 1158 2628 potestate,

130 2648 266 2722 sequitur.

170 2737 330 2796 XXXVII.
359 2737 426 2796 Hoc
441 2737 502 2812 ipso
515 2747 642 2812 tempore
656 2747 684 2794 et
699 2755 768 2792 casu
782 2735 918 2794 Germani
941 2735 1051 2809 equites
1072 2735 1161 2790 inter·

131 2828 258 2897 veniunt,
272 2830 458 2902 protinusque
479 2829 579 2886 eodem
601 2827 660 2898 illo,
676 2845 732 2901 quo
752 2837 899 2896 venerant,
914 2844 1000 2882 cursu
1023 2827 1057 2883 ab
1072 2825 1161 2881 decu-

132 2917 217 2974 mana
231 2919 312 2990 porta
326 2919 355 2974 in
370 2929 464 2974 castra
478 2919 634 2993 irrumpere
651 2930 808 2975 conantur:
830 2936 885 2974 nec
906 2915 985 2991 prids
1005 2927 1072 2972 sunt
1093 2916 1158 2986 risi,

132 3007 252 3081 objectis
267 3008 301 3062 ab
316 3008 350 3063 ed
364 3019 444 3081 parte
458 3009 545 3080 silvis,
560 3008 645 3082 quam
660 3009 761 3066 castris
783 3009 1051 3088 apppopinquarent,
1066 3025 1160 3080 usque

132 3097 177 3167 ed,
193 3107 233 3167 ut,
249 3097 296 3172 qui
311 3098 364 3154 sub
377 3099 451 3155 vallo
464 3102 614 3158 tenderent
628 3111 809 3170 mercatores,
825 3099 983 3174 recipiendi
1003 3099 1048 3154 sui
1069 3098 1159 3154 sacul-

94 3221 98 3224 <
132 3199 219 3246 tatem
233 3206 291 3246 non
305 3188 450 3246 haberent.
491 3191 676 3266 Inopinantes
691 3191 779 3248 nostri
799 3209 829 3247 re
849 3191 923 3247 nova
944 3189 1158 3264 perturbantur,

134 3299 168 3336 ac
183 3279 229 3334 vix
241 3279 365 3354 primum
379 3279 515 3355 impetum
537 3282 643 3340 cohors
662 3282 691 3338 in
714 3283 835 3339 statione
854 3281 983 3338 sustinet.
1025 3279 1159 3336 Circum·

135 3369 290 3427 funduntur
305 3389 339 3426 ex
353 3371 469 3444 reliquis
483 3373 578 3430 hostes
598 3375 735 3447 partibus
751 3372 773 3430 si
796 3391 881 3448 quem
903 3372 1011 3428 aditum
1032 3369 1159 3444 reperire

132 3471 256 3538 possent.
297 3461 387 3536 AEgre
401 3463 490 3520 nostri
503 3474 598 3536 portas
612 3474 738 3535 tuentur,
752 3464 877 3538 reliquos
892 3463 985 3520 aditus
999 3462 1080 3518 locus
1097 3461 1159 3536 ipse

133 3573 183 3630 per
207 3571 238 3610 se
262 3553 439 3626 munitioque
463 3553 599 3611 defendit.
640 3555 725 3612 Totis
747 3555 905 3630 trepidatur
932 3553 1044 3624 cestrie,
1073 3563 1160 3626 atque

135 3645 206 3702 alius
221 3663 256 3701 ex
270 3643 326 3700 alio
340 3661 455 3699 causam
473 3643 611 3700 tumultbs
632 3647 750 3718 quaerit:
771 3663 866 3720 neque
887 3643 944 3719 qud
965 3645 1048 3720 signa
1068 3643 1161 3699 seran-

133 3747 189 3805 tur,
217 3753 311 3809 neque
337 3753 422 3809 quam
450 3734 479 3790 in
506 3745 614 3808 partem
649 3736 769 3810 quisque
803 3736 965 3806 conveniat,
998 3733 1159 3810 provident

135 3826 219 3882 Alius
247 3819 331 3899 capta
362 3825 420 3899 jam
447 3835 541 3880 castra
565 3827 755 3898 pronunciat;
791 3827 873 3897 alius,
902 3827 997 3882 deleto
1030 3825 1160 3882 exercitu

137 3922 222 3984 atque
235 3915 416 3989 imperatore,
429 3913 552 3970 victores
565 3913 700 3970 barbaros
714 3915 825 3972 venisse
845 3917 1010 3974 contendit:
1030 3916 1163 3993 plerique
