2578 4270
127 309 192 356 crs.
208 309 247 370 39,
263 309 314 370 ru]
495 305 602 388 ursan
624 305 765 356 ruimus.
1114 309 1154 366 23

125 449 275 506 babantur.
293 449 379 510 ‘Qui
403 467 434 505 se
458 467 493 506 ex
514 449 559 506 his
580 447 676 505 minus
699 449 815 505 timidos
835 447 991 505 existimari
1011 447 1152 518 volebant,

125 559 184 598 uon
205 560 236 598 se
258 541 368 597 hostem
391 541 492 610 vereri,
507 541 557 596 sed
580 540 725 616 angustias
747 540 857 596 itineris
878 550 906 595 et
926 539 1153 614 magnitudinem

125 632 272 702 silvarum,
288 649 350 704 quae
371 631 581 687 intercederent
602 631 675 687 inter
697 631 773 704 ipsos
797 641 881 703 atque
902 631 1088 699 Ariovistum,
1105 640 1153 685 aut

126 740 188 779 rem
201 722 423 792 frumentariam,
439 734 471 778 ut
491 721 559 778 satis
580 721 729 792 commode
750 722 908 795 supportari
929 719 1033 795 posset,
1048 721 1150 777 timere

127 811 269 870 dicebant.
310 811 451 868 Nonnulli
476 812 561 868 etiam
583 811 691 868 Caesari
711 813 929 882 renunciabant,
951 831 1038 885 quum
1059 821 1152 867 castra

126 903 235 960 moveri
249 921 282 960 ac
296 903 378 980 signa
393 903 459 959 serri
476 903 615 977 jussisset,
630 922 688 959 uon
707 903 767 958 fore
782 903 860 958 dicto
875 903 1022 958 audientes
1036 902 1150 972 milites,

127 1014 182 1052 nec
195 1006 308 1070 propter
322 995 453 1052 timorem
467 995 549 1070 signa
562 995 677 1051 laturos.

166 1087 230 1142 XL.
260 1085 333 1142 Haec
357 1105 445 1159 quurn
470 1085 723 1155 animadvertisset,
748 1094 907 1140 convocato
934 1084 1069 1154 concilio,
1093 1104 1152 1140 om·

49 1233 54 1240 ,
126 1177 263 1251 niumque
277 1177 409 1232 ordinum
424 1176 459 1231 ad
474 1176 503 1232 id
518 1177 674 1232 concilium
686 1177 820 1232 adhibitis
831 1175 1057 1246 centurionibus,
1069 1175 1152 1232 vehe-

127 1279 237 1324 menter
251 1285 300 1324 eos
314 1268 470 1325 incusavit:
493 1265 646 1342 ‘primum
662 1267 740 1341 quod
754 1277 803 1323 aut
817 1285 902 1341 quam
917 1267 946 1322 in
967 1277 1087 1342 partem,
1103 1276 1151 1323 aut

48 1349 52 1356 ’
127 1377 184 1432 quo
198 1359 318 1415 consilio
332 1358 513 1430 ducerentur,
528 1359 583 1414 sibi
597 1359 781 1432 quaerendurn
803 1368 851 1414 aut
872 1358 1056 1434 cogitandum
1071 1368 1152 1432 puta-

126 1460 197 1506 rent.
252 1450 438 1520 Ariovistum,
466 1468 497 1506 se
527 1450 654 1519 consule,
682 1447 868 1524 cupidissime
897 1449 995 1524 populi
1023 1448 1150 1505 Romani

128 1541 282 1597 amicitiam
298 1540 456 1615 appetisse;
478 1559 529 1596 cur
544 1541 621 1596 hunc
635 1551 694 1597 tarn
708 1551 816 1596 temere
837 1540 986 1614 quisquam
1006 1540 1040 1596 ab
1055 1540 1151 1596 officio

127 1631 319 1688 discessurum
331 1623 497 1706 judicaret?
539 1632 602 1687 Sibi
624 1631 739 1704 quidem
756 1631 932 1705 persuaderi,
948 1631 1071 1706 cognitis
1091 1631 1150 1688 suis

126 1715 285 1798 postulatis,
305 1733 389 1795 atque
413 1705 545 1794 equitate
570 1722 767 1777 conditionum
787 1722 947 1795 perspecta,
970 1739 1035 1776 eum
1057 1739 1151 1794 neque

128 1833 209 1869 suam
223 1831 317 1886 neque
340 1811 437 1886 populi
462 1811 589 1866 Romani
611 1812 731 1886 gratiam
752 1811 974 1885 repudiaturum.
1015 1810 1106 1871 Quod
1126 1812 1150 1868 si

129 1903 222 1961 furore
244 1914 327 1976 atque
349 1903 472 1958 ementiri
494 1902 631 1976 impulsus
652 1902 757 1988 bellum
782 1902 932 1971 intulisset,
947 1901 1015 1974 quid
1035 1902 1149 1958 tandem

128 1995 312 2051 vererenturl
334 2004 382 2050 aut
396 2012 447 2050 cur
462 1993 497 2049 de
512 1994 564 2049 suet
578 1993 681 2050 virtute
697 2004 744 2048 aut
755 1993 791 2050 de
811 1993 899 2068 ipsius
920 1993 1068 2068 diligentia
1089 1993 1150 2050 des-

127 2075 278 2160 perarent?
318 2085 441 2142 Factum
465 2085 526 2159 ejus
550 2083 639 2142 hostis
665 2085 823 2158 periculum
850 2095 962 2158 patrum
989 2095 1149 2140 nostrorum

129 2177 276 2246 memorial,
297 2195 394 2250 quum,
416 2175 541 2231 Cimbris
562 2186 590 2232 et
612 2175 755 2249 Teutonis
776 2175 839 2232 aC.
862 2174 957 2231 Mario
977 2175 1075 2250 pulsiS,
1092 2195 1148 2231 non

46 2289 48 2298 ’
128 2267 268 2323 minorem
281 2267 393 2322 laudem
408 2263 559 2336 eirercitus‚
575 2265 659 2340 quam
681 2267 741 2341 ipse
762 2267 923 2340 imperator,
938 2267 1055 2322 meritus
1075 2267 1149 2322 vide·
1212 2323 1214 2328 ,

128 2358 229 2414 batur:
251 2358 357 2414 factum
372 2358 458 2414 etiam
472 2376 562 2433 nuper
577 2357 607 2412 in
621 2357 704 2412 Italiai
720 2357 813 2413 servili
827 2357 960 2426 tumultu,
973 2376 1043 2429 quos
1053 2367 1149 2412 tamen
1215 2391 1219 2402 ι

129 2449 235 2522 aliquid
256 2468 323 2505 usus
345 2467 378 2504 ac
398 2448 559 2523 disciplina,
575 2466 658 2519 quam
681 2448 799 2503 anobis
822 2448 1007 2521 accepissent,
1023 2449 1150 2503 subleva·

50 2569 55 2580 ·
83 2553 198 2607 erent.
240 2539 284 2595 Ex
297 2559 354 2612 quo
365 2539 486 2613 judicari
505 2547 609 2610 posset,
625 2547 762 2610 quantum
783 2537 900 2593 haberet
914 2538 943 2592 in
957 2555 987 2592 se
1001 2537 1068 2592 boni
1083 2556 1150 2593 con-

128 2631 247 2698 stantia,
269 2640 419 2704 propterea
441 2626 527 2700 qubd,
542 2646 613 2699 quos
638 2627 811 2700 aliquamdiu
836 2628 960 2682 inermos
981 2626 1042 2682 sine
1063 2630 1149 2683 causei

127 2721 298 2790 timuissent,
314 2721 365 2774 hos
386 2729 484 2792 postea
505 2727 626 2772 armatos
648 2736 681 2772 ac
701 2717 824 2772 victores
845 2716 1032 2790 superassent.
1074 2717 1150 2773 Den-

128 2813 194 2885 ique
216 2812 267 2867 hos
289 2829 351 2866 esse
373 2809 498 2877 eosdem,
524 2809 694 2882 quibuscum
718 2825 913 2882 saepenumero
935 2807 1059 2865 Helvetii
1083 2828 1150 2865 eon-

127 2903 216 2978 gressi
230 2922 288 2958 non
302 2899 393 2958 solbm
408 2902 437 2957 in
452 2899 574 2956 suissed
589 2900 674 2956 etiam
689 2899 718 2954 in
733 2898 844 2954 illorum
859 2897 971 2969 finibus,
982 2897 1149 2973 plerumque

128 2994 297 3067 superarint,
313 2994 360 3067 qui
375 3004 470 3048 tamen
484 3009 566 3065 pares
581 3009 643 3046 esse
657 3000 754 3045 nostro
770 2990 897 3046 exercitu
918 3009 975 3045 non
996 2993 1147 3064 potuerint.

129 3085 160 3140 Si
175 3104 245 3158 quos
260 3085 406 3140 adversum
421 3083 550 3157 prceliurn
566 3091 594 3137 et
615 3081 682 3154 fuga
702 3080 850 3136 Gallorum
871 3092 1071 3150 commoveret,
1088 3082 1148 3152 hos,
1212 3081 1217 3086 ’

128 3175 150 3230 si
166 3185 332 3248 quaererent,
348 3175 471 3248 reperire
485 3190 578 3245 posse,
594 3171 778 3226 diuturnitate
792 3171 859 3226 belli
874 3171 1034 3246 defatigatis
1048 3171 1148 3242 Gallis,

130 3266 313 3334 Ariovistum,
329 3283 416 3338 quum
431 3263 533 3317 multos
548 3279 660 3317 menses
674 3261 774 3318 castris
788 3280 818 3318 se
834 3279 866 3316 ac
880 3261 1030 3335 paludibus
1045 3263 1150 3318 tenuis·

128 3367 180 3424 set,
196 3374 287 3429 neque
301 3356 344 3412 sni
359 3362 527 3428 potestatem
544 3351 667 3422 fecisset,
682 3351 864 3426 desperantes
882 3351 940 3427 jam
961 3352 996 3409 de
1009 3353 1106 3428 pugnat
1121 3361 1149 3408 et

128 3447 269 3520 dispersos
283 3443 377 3501 subito
399 3443 537 3511 adortum,
552 3441 643 3518 magis
666 3442 775 3498 ratione
799 3453 828 3499 et
851 3443 971 3498 consilio
991 3441 1076 3517 quam
1096 3443 1164 3500 vir·,

128 3545 188 3592 tute
210 3535 321 3590 vicisse.
364 3533 421 3588 Cui
441 3533 545 3589 rationi
570 3543 669 3588 contra
689 3533 819 3589 homines
839 3533 974 3590 barbaros
995 3544 1079 3606 atque
1100 3532 1150 3588 im-

66 3655 69 3664 »
128 3626 233 3701 peritos
260 3624 341 3680 locus
365 3624 473 3693 fuisset,
498 3623 551 3679 hac
575 3641 612 3679 ne
636 3624 728 3697 ipsum
756 3623 871 3696 quidem
899 3642 1012 3698 sperare
1038 3632 1149 3678 nostros

129 3716 270 3773 exercitus
288 3714 352 3788 capi
372 3732 463 3788 posse.
500 3714 566 3780 ,Qui
587 3733 669 3770 suum
691 3714 822 3770 timorem
843 3714 872 3770 in
896 3715 937 3770 rei
959 3711 1148 3768 frumentariae

128 3806 338 3866 simulationem
363 3803 563 3880 angustiasque
585 3805 695 3862 itineris
716 3804 888 3873 conferrent,
904 3804 997 3859 facere
1019 3821 1149 3876 arrogan-

127 3909 180 3969 ter,
195 3916 282 3972 quum
297 3905 345 3952 aut
360 3896 395 3952 de
415 3895 510 3952 officio
531 3895 707 3970 imperatoris
728 3894 877 3967 desperare
899 3904 946 3948 aut
966 3892 1149 3966 prescribere
