2566 4270
135 316 206 368 ‘cra
224 319 306 382 r-ar
489 291 596 369 nrnnn
618 321 804 372 snnrrnrns.
1111 325 1168 392 ηε

136 463 255 521 tandem
280 462 423 521 fortunam
442 482 501 520 non
522 463 733 537 existimabant,
748 465 896 543 expellitur
918 483 954 526 ex
973 467 1079 545 oppido
1098 471 1169 530 Ger·

136 554 242 631 goviai:
274 573 334 610 non
361 554 467 610 destitit
495 565 600 625 tamen,
630 566 715 630 atque
743 558 773 614 in
802 558 877 634 agris
911 559 997 616 habet
1023 559 1168 620 delectum

136 645 286 722 egentium
303 663 336 701 ac
349 645 533 719 perditorum.
576 647 643 705 Hac
657 649 759 704 coacti
780 668 877 719 manu,
893 669 1088 726 quoscumque
1110 653 1169 712 adit

136 755 175 792 ex
191 736 323 816 civitate,
349 736 384 812 ad
409 755 490 792 suam
513 738 684 794 sententiam
708 739 859 814 perducit:
882 739 1020 813 hortatur,
1038 753 1070 799 ut
1092 763 1169 800 corn-

136 826 235 883 munis
249 827 389 904 libertatis
404 828 492 884 causei
507 847 586 884 arma
600 829 732 904 capiant:
754 830 924 908 magnisque
939 833 1047 889 coactis
1067 834 1167 908 copiis,

138 918 317 974 adversarios
338 937 415 988 suos,
433 937 450 973 a
470 917 574 992 quibus
592 920 679 994 paulo
700 918 766 976 ante
788 931 849 978 erat
869 923 987 997 ejectae,
1001 923 1116 999 expellit
1133 942 1170 981 ex

137 1008 263 1065 civitate.
305 1009 372 1065 Rex
392 1009 427 1064 ab
448 1009 508 1066 suis
529 1010 702 1084 appellatur,
724 1011 843 1068 dimittit
862 1031 1075 1086 quoquoversus
1094 1015 1170 1090 lega-

136 1100 233 1156 tiones
242 1119 250 1170 ;
272 1100 441 1170 obtestatur,
456 1110 487 1156 ut
502 1100 531 1156 in
546 1101 603 1158 fide
621 1112 763 1158 maneant.
805 1102 945 1160 Celeriter
959 1105 1014 1160 sibi
1029 1105 1168 1177 Senones,

136 1190 274 1262 Parisios,
298 1191 444 1261 PictoneS,
467 1189 627 1261 Cadurcos,
648 1191 794 1262 Turonos,
815 1193 968 1265 Aulercos,
989 1193 1168 1267 Lemovices,

138 1282 242 1338 Andes
266 1281 448 1356 requucsque
472 1301 581 1354 omnes,
604 1283 652 1358 qui
674 1282 826 1340 Oceanum
852 1285 1005 1360 attingunt,
1021 1285 1167 1362 adjungit:

137 1373 268 1430 omnium
294 1392 436 1430 consensu
465 1373 500 1430 ad
527 1369 593 1430 eum
621 1373 746 1430 defertur
769 1375 928 1450 imperium.
974 1376 1045 1436 Qut
1072 1377 1168 1434 oblati

137 1473 288 1540 potestate,
317 1465 450 1525 omnibus
477 1463 521 1521 his
548 1465 712 1522 civitatibus
744 1467 858 1523 obsides
892 1466 1023 1542 imperat,
1056 1479 1168 1525 eertum

49 1579 52 1584 ·
139 1575 291 1612 numerum
318 1557 440 1612 militum
469 1557 503 1634 ad
531 1575 562 1612 se
590 1557 722 1614 celeriter
754 1557 859 1614 adduci
889 1558 989 1633 jubet3
1024 1577 1167 1616 armorum

140 1658 278 1720 quantum
302 1666 422 1721 quaeque
447 1647 547 1703 civitas
569 1647 646 1704 domi
669 1633 801 1722 quodque
830 1659 895 1704 ante
916 1660 1028 1722 tempus
1052 1650 1167 1720 efficiat,

139 1738 303 1808 constituit;
339 1739 368 1794 in
395 1737 494 1812 primis
527 1738 668 1812 equitatui
699 1739 802 1794 studet.
858 1739 984 1794 Sumrnae
1011 1739 1167 1815 diligentia
1218 1747 1222 1763 '

137 1849 280 1886 summam
313 1829 425 1904 imperii
459 1821 639 1886 severitatem
673 1829 769 1886 addit:
804 1828 1002 1904 magnitudine
1035 1829 1167 1904 supplicii

137 1921 302 1978 dubitantes
326 1921 422 1996 cogit;
451 1939 528 1991 nam,
553 1921 659 1995 majore
682 1919 835 1976 commisso
859 1919 975 1990 delicto,
998 1919 1058 1996 igni
1083 1931 1168 1996 atque

137 2013 272 2070 omnibus
293 2013 442 2070 tormentis
464 2022 566 2082 necat;
588 2012 695 2069 leviore
715 2011 751 2068 de
774 2011 872 2081 causei,
898 2011 1012 2068 auribus
1032 2010 1165 2082 desectis,

137 2116 188 2161 aut
211 2104 331 2180 singulis
352 2105 461 2161 effossis
484 2103 586 2176 oculis,
611 2104 728 2160 domum
755 2103 885 2172 remittit,
911 2111 942 2158 ut
965 2102 1022 2159 sint
1048 2101 1167 2176 reliquis

136 2197 321 2267 documento,
336 2208 364 2253 et
378 2195 574 2272 magnitudine
588 2215 679 2270 poenae
694 2204 872 2271 perterreant
886 2194 965 2251 ulios.

179 2288 213 2346 V.
243 2288 298 2344 His
312 2287 459 2363 suppliciis
470 2287 599 2364 celeriter
611 2299 713 2344 coacto
724 2286 863 2356 exercitu,
875 2285 1043 2342 Lucterium
1055 2283 1166 2342 Cadur·

137 2399 215 2450 cum,
231 2399 348 2435 summae
363 2379 508 2435 hominem
524 2378 663 2447 audaciae,
679 2395 745 2432 curn
764 2387 846 2451 parte
867 2377 1014 2452 copiarum
1029 2376 1059 2432 in
1074 2373 1167 2434 Rute-

137 2491 191 2527 nos
220 2471 324 2526 mittit:
360 2471 421 2544 ipse
449 2469 479 2524 in
513 2467 659 2542 Bituriges
684 2467 884 2540 proficiscitur.
938 2467 1009 2540 Ejus
1043 2465 1166 2522 adventu

138 2561 285 2636 Bituriges
310 2560 345 2614 ud
368 2559 490 2627 AEduoS,
516 2575 637 2638 quorum
659 2567 740 2612 erant
763 2557 793 2612 in
820 2555 886 2628 lide,
913 2556 1024 2630 legatos
1050 2555 1167 2614 mittunt

138 2651 298 2709 subsidium
327 2658 468 2724 rogatum,
497 2643 554 2719 qud
589 2645 704 2702 saciliirs
737 2645 862 2700 hostium
896 2645 994 2718 copias
1026 2645 1167 2704 sustinere

72 2735 76 2744 “
138 2741 258 2818 possint,
300 2739 390 2796 AEdui
412 2737 448 2794 de
470 2735 590 2794 consilio
612 2736 781 2813 legatorum,
797 2754 868 2808 quos
892 2735 989 2791 Caesar
1011 2735 1046 2791 ad
1061 2736 1167 2794 exerci-

139 2845 202 2890 tum
216 2829 378 2905 reliquerat,
394 2829 491 2905 copias
505 2827 648 2904 equitatus
661 2827 863 2904 peditatrisque
884 2825 1012 2884 subsidio
1031 2825 1167 2903 Biturigi·

140 2925 195 2980 bns
217 2923 340 2980 mittunt.
381 2921 444 2983 Qui
468 2940 555 2996 quum
578 2920 612 2977 ad
634 2920 741 2976 flumen
762 2917 890 2992 Ligerim
913 2917 1067 2988 venissent,
1089 2919 1166 2994 quod

139 3015 284 3091 Bituriges
312 3015 347 3071 ab
374 3013 479 3072 AEduis
506 3013 616 3082 dividit,
643 3024 752 3087 paucos
779 3009 841 3065 dies
869 3009 908 3066 ibi
936 3010 1047 3082 morati,
1072 3029 1166 3084 neque

137 3108 244 3166 flumen
268 3107 390 3164 transire
418 3105 489 3177 ausi,
514 3103 631 3162 domurn
658 3111 849 3172 revertuntur,
876 3099 1034 3176 legatisque
1060 3101 1166 3159 nostris

91 3186 94 3191 ’
135 3199 318 3270 renunciant,
340 3206 391 3255 ‘se
411 3197 575 3272 Biturigum
595 3193 743 3268 perfidiam
764 3191 868 3248 veritos
889 3192 1047 3263 revertisse,
1062 3193 1166 3266 quibus

137 3290 166 3346 id
183 3289 296 3345 consilii
317 3288 405 3344 fuisse
425 3284 622 3362 cognoverint,
637 3293 678 3352 ut,
693 3282 717 3338 si
738 3281 845 3338 flumen
865 3280 1042 3352 transissent,
1058 3282 1115 3338 unit
1130 3301 1166 3340 ex

135 3391 218 3456 parte
245 3379 308 3454 ipsi,
338 3377 426 3434 alteria
453 3375 577 3432 Arverni
605 3393 636 3430 se
663 3371 925 3430 circumsisterent.¹
967 3371 1002 3428 Id
1028 3372 1101 3428 enine
1128 3371 1165 3429 de

138 3470 236 3540 causa,
252 3487 337 3542 quam
350 3467 452 3543 legatis
465 3465 703 3541 pronunciairnnt,
719 3483 755 3520 an
768 3463 888 3538 perfidia
903 3462 1019 3520 adducti
1033 3461 1163 3532 fecerint,

137 3560 216 3635 qndd
230 3559 302 3616 nihil
316 3559 400 3615 nobis
414 3567 536 3627 constat,
551 3575 608 3612 non
624 3555 735 3612 videtur
748 3573 800 3629 pro
815 3563 895 3609 certo
909 3571 971 3608 esse
991 3549 1164 3625 ponendum.

139 3651 284 3730 Bituriges
299 3668 397 3707 eorum
411 3647 539 3706 discessu
554 3647 649 3704 statim
664 3665 695 3702 se
709 3663 776 3701 curn
791 3643 929 3700 Arvernis
943 3640 1129 3712 conjungunt.

177 3743 228 3801 VI.
259 3742 315 3799 His
332 3740 418 3798 rebus
439 3739 469 3796 in
489 3738 603 3796 Italiam
627 3735 737 3794 Caesari
757 3731 912 3800 nunciatis,
928 3745 1014 3802 qnnm
1035 3725 1094 3797 jam
1118 3727 1166 3784 ille

137 3836 262 3893 urbanas
275 3853 322 3891 res
336 3833 439 3889 virtute
459 3829 514 3888 Cn.
530 3827 661 3904 Pompeii
681 3821 906 3883 commodiorem
928 3819 959 3872 in
983 3822 1087 3872 statum
1105 3837 1168 3894 per.

138 3927 250 3984 venisse
282 3923 465 4000 intelligeret,
494 3921 525 3980 in
551 3915 777 3991 Transalpinam
804 3905 929 3964 Gallim
951 3899 1099 3986 Ρζθῖθῦῐικ
1115 3919 1167 3975 est.
