2578 4270
67 377 70 384 .
124 334 163 393 32
451 333 499 381 na
521 333 638 382 nanno
662 333 821 382 carnaco
989 289 1066 396 [crs.
1081 332 1155 382 με.

125 486 154 532 et
168 475 311 532 frumento
325 474 486 549 ceterisque
499 476 585 532 rebus
601 477 716 550 juvare:
739 475 863 549 reliquos
883 493 984 531 omnes
1004 473 1109 550 Belgas
1124 473 1155 532 in

70 623 72 628 ,
126 567 212 622 armis
226 585 304 622 esse:
325 566 552 639 Germanosque,
568 567 616 639 qui
632 567 674 620 cis
688 565 826 622 Rhenum
847 566 987 634 incolunt,
1002 579 1065 621 sese
1085 581 1155 621 cum

126 657 170 713 his
192 658 390 732 conjunxisse:
411 668 579 729 tantumque
601 675 663 712 esse
685 674 784 711 eorum
811 656 939 712 omnium
963 655 1097 724 furorem,
1121 665 1155 712 ut

125 766 162 803 ne
184 749 353 804 Suessiones
374 748 499 821 quidem,
515 748 614 803 fratres
635 747 921 820 consanguineosque
942 765 1019 816 suos,
1036 746 1085 819 qui
1107 764 1156 802 eo-

125 838 190 894 dem
209 839 272 912 jure
293 851 321 894 et
336 838 443 893 eisdem
459 838 570 912 legibus
584 848 710 905 utantur,
725 855 814 890 unum
835 835 987 910 imperium
1005 853 1154 910 unumque

126 929 321 1003 uragistratum
338 947 404 983 cum
425 929 493 1002 ipsis
515 928 648 997 habeant,
664 927 806 982 deterrere
826 927 981 1001 potuerint,
996 927 1065 1001 quin
1085 946 1154 985 cum

126 1019 168 1074 his
183 1020 393 1075 consentirent!
549 1021 556 1034 '
978 1089 982 1094 Ι

164 1109 214 1166 IV.
241 1110 344 1168 Quum
368 1109 402 1164 ab
427 1109 471 1164 his
499 1118 648 1182 quaereret,
676 1125 740 1181 quae
768 1107 898 1164 civitates
925 1119 1095 1183 quantaeque
1123 1109 1154 1166 in

127 1201 211 1256 annis
225 1211 329 1268 essent,
344 1199 455 1272 etquid
471 1199 499 1254 in
515 1199 590 1254 bello
603 1207 728 1272 possent,
744 1198 786 1253 sic
800 1199 979 1273 reperiebat:
1001 1201 1155 1276 plerosque

127 1290 230 1364 Belgas
244 1308 307 1345 esse
323 1300 401 1344 ortos
423 1289 458 1344 ab
478 1289 631 1344 Germanis
642 1309 649 1357 ;
671 1288 866 1362 Rhenumque
888 1290 1044 1364 antiquitus
1064 1301 1155 1347 trans-

126 1380 237 1447 dnctos,
253 1391 366 1453 propter
388 1379 446 1434 loci
467 1379 642 1436 fertilitatem
664 1379 704 1434 ibi
728 1380 902 1449 consedisse,
924 1381 1087 1454 Gallosque,
1103 1381 1153 1455 qni

126 1489 161 1526 ea
174 1471 238 1526 loca
253 1470 421 1538 incolerent,
436 1469 594 1544 expulisse;
616 1470 748 1543 solosque
762 1487 834 1539 esse,
850 1471 898 1544 qui
912 1482 1024 1544 patrum
1045 1483 1154 1528 nostro·

127 1580 189 1616 rum
205 1561 351 1630 memoria,
366 1560 445 1616 omni
459 1560 554 1615 Gallia
568 1562 678 1630 vexata,
693 1559 844 1616 Teutonos
865 1561 1056 1634 Cimbrosque
1078 1561 1153 1618 intra

127 1651 196 1706 fines
222 1671 288 1707 suos
314 1651 425 1727 ingredi
447 1650 652 1726 prohibuerint.
693 1651 764 1710 Qua
786 1669 821 1706 ex
844 1669 875 1707 re
897 1651 969 1721 fieri,
990 1650 1030 1707 uti
1053 1671 1151 1708 earum

127 1761 219 1798 rerum
235 1743 372 1799 memorial
387 1761 519 1818 magnam
540 1742 594 1797 sibi
617 1742 825 1812 auctoritatem,
840 1761 1015 1818 magnosque
1036 1744 1153 1817 spiritus

127 1834 156 1888 in
171 1853 200 1889 re
216 1834 331 1890 militari
352 1843 505 1912 sumerent.
548 1832 594 1889 De
615 1851 855 1889 numerosorum
880 1834 976 1890 omnia
995 1851 1026 1890 se
1047 1833 1152 1892 hahere

127 1925 271 1997 explorata
304 1925 391 1980 Remi
426 1925 571 1993 dicebant,
598 1935 749 1998 propterea
782 1924 859 1998 qubd
892 1925 1151 2000 propinquitatibus

128 2016 367 2087 affinitatibusque
395 2015 552 2088 conjuncti,
580 2026 715 2088 quantam
744 2016 864 2090 quisque
887 2017 1099 2074 multitudinem
1121 2017 1150 2074 in

128 2106 272 2160 communi
288 2106 441 2180 Belgarum
456 2105 580 2161 concilio
596 2105 630 2160 ad
645 2105 673 2161 id
685 2107 790 2162 bellum
805 2107 949 2182 pollicitus
964 2109 1009 2178 sit,
1027 2127 1151 2184 cognor-

127 2196 207 2251 erint.
250 2193 410 2250 Plurinrhm
433 2195 505 2251 inter
530 2214 578 2251 eos
593 2196 760 2252 Bellovacos
775 2209 803 2253 et
817 2198 920 2254 virtute
934 2210 962 2256 et
982 2201 1149 2258 auctoritate

127 2298 155 2342 et
170 2285 316 2341 hominum
330 2303 450 2341 numero
464 2286 575 2362 q'plere:
598 2285 649 2341 hos
665 2305 748 2360 posse
770 2287 912 2344 conticere
935 2301 1041 2345 armata
1061 2291 1150 2348 millia

127 2389 261 2432 centum:
289 2377 432 2451 pollicitos
454 2385 493 2432 ex'
513 2395 547 2433 eo
570 2395 691 2432 numero
712 2377 804 2434 electa
828 2378 889 2448 LX,
914 2380 1057 2453 totiusque
1082 2381 1149 2438 belli

127 2467 277 2542 imperium
292 2468 345 2523 sibi
359 2468 511 2542 postulare.
554 2468 724 2523 Suessiones
738 2487 805 2523 suos
819 2487 881 2524 esse
901 2469 1052 2536 finitimos:
1076 2471 1151 2527 latis·

126 2558 213 2614 simos
228 2559 474 2632 feracissimosque
490 2577 572 2633 agros
585 2559 738 2632 possidere.
781 2559 868 2633 Apud
889 2578 937 2615 eos
952 2560 1039 2616 luisse
1053 2579 1150 2636 regem

127 2651 221 2705 nostra
236 2650 321 2706 otiam
336 2650 473 2706 memorial
489 2649 675 2718 Divitiacum,
690 2650 777 2706 totius
791 2649 892 2706 Galliae
910 2651 1150 2723 potentissimum,

127 2740 174 2811 qui
190 2759 276 2812 quum
291 2759 401 2815 magnae
415 2737 505 2816 partis'
519 2741 619 2796 harum
633 2740 794 2814 regionum,
817 2749 878 2795 tum
894 2741 979 2796 etiam
994 2741 1150 2798 Britanniae

128 2829 277 2902 imperium
305 2831 479 2887 obtinuerit:
514 2849 592 2886 nunc
620 2847 682 2885 esse
709 2847 805 2902 regem
834 2823 974 2886 Galbam:
1010 2831 1044 2885 ad
1073 2832 1151 2886 hunc

127 2919 390 2992 propterjustitiam
408 2922 645 2994 prudentiamque
666 2937 805 2974 summam
827 2918 914 2974 totius
935 2919 1000 2974 belli
1022 2922 1151 2978 omnium

128 3009 271 3066 voluntate
286 3009 408 3067 deferri:
430 3011 535 3084 oppida
548 3011 653 3066 habere
670 3027 791 3064 numero
811 3008 890 3077 XII;
912 3010 1040 3082 polliceri
1062 3012 1152 3068 millia

129 3111 236 3155 armata
254 3100 479 3175 quinquaginta:
501 3101 619 3157 totidem
640 3099 774 3168 Nervios,
789 3098 837 3171 qui
859 3097 982 3154 maxime
1004 3099 1054 3156 seri
1079 3102 1151 3158 inter

129 3190 204 3263 ipsos
224 3190 392 3258 habeantur,
407 3189 630 3265 longissimeque
651 3190 763 3246 absint:
785 3189 843 3245 XV
867 3189 957 3244 millia
981 3191 1150 3249 Atrebates:

128 3279 287 3335 Ambianos
301 3280 331 3336 X
345 3281 453 3336 millia:
475 3280 605 3338 Morinos
619 3280 708 3336 XXV
729 3280 836 3336 millia:
859 3278 1011 3352 Menapios
1032 3279 1077 3336 IX
1092 3283 1153 3338 mil·

128 3370 184 3425 lia:
207 3369 322 3425 Caletos
347 3370 376 3426 X
399 3370 507 3427 millia:
528 3370 698 3426 Velocasses
722 3380 751 3425 et
774 3369 992 3426 Veromanduos
1013 3371 1150 3427 totidem:

129 3459 298 3516 Aduatucos
320 3459 397 3516 XIX
417 3459 519 3516 millia:
542 3459 717 3526 Condrusos‚
740 3453 900 3528 Eburones,
924 3459 1070 3528 Caeraesos,
1093 3460 1154 3515 Pae·

129 3569 237 3621 manos,
253 3550 302 3626 qui
323 3569 382 3606 uno
396 3549 511 3606 nomine
524 3549 661 3606 Germani
684 3549 870 3623 appellantur,
886 3549 1016 3605 arbitrari
1038 3548 1072 3604 ad
1097 3548 1153 3605 XL

129 3641 225 3698 millia.

169 3732 204 3787 V.
233 3733 340 3800 Caesar,
356 3729 466 3785 Remos
487 3728 661 3795 cohortatus,
677 3728 890 3801 liberaliterque
910 3727 1039 3784 oratione
1059 3747 1154 3800 prose·

130 3833 223 3890 outae,
239 3840 352 3877 omnem
373 3830 503 3876 senatum
525 3818 558 3874 ad
581 3835 611 3872 se
632 3817 795 3887 convenire,
809 3819 1030 3892 principumque
1050 3817 1154 3873 liberos

130 3911 244 3967 obsides
258 3912 292 3967 ad
306 3929 338 3968 se
353 3910 457 3968 adduci
468 3909 561 3986 jussit.
601 3905 679 3966 Quae
701 3907 798 3964 omnia
820 3909 855 3964 ab
879 3908 924 3964 his
945 3906 1098 3982 diligenter
1119 3907 1153 3962 ud
