2578 4270
149 250 190 310 ω
476 245 526 298 us
547 245 665 298 senno
687 246 847 297 caturco
982 247 1060 312 [cn.
1078 247 1186 296 10-12

150 388 353 460 Nantuatium,
393 387 602 461 Helvetiorum,
636 391 846 464 Sequanorum,
880 386 1183 458 Mediomatricorum,

150 481 355 552 Tribocorum,
370 480 557 540 Trevirorum
570 481 676 538 citatus
690 482 777 538 fertur
789 500 795 550 ς
817 491 856 549 et,
870 479 920 535 ubi
938 478 1059 535 Oceano
1082 497 1183 554 appro-

150 573 279 648 pinquat,
301 574 330 630 in
351 573 447 647 plures
467 572 570 629 diffluit
589 583 694 646 partes,
717 572 814 628 multis
834 571 1056 647 ingentibusque
1079 570 1182 625 insulis

151 663 270 734 effectis,
286 682 406 737 quarum
419 681 486 738 pars
505 681 611 739 magua
625 664 722 719 aseris
743 663 928 736 barbarisque
949 661 1118 717 nationibus
1140 661 1182 716 in·

151 755 265 824 colitur,
280 773 315 812 ex
335 755 440 828 quibus
459 765 535 824 sunt,
551 754 600 828 qui
623 753 752 828 piscibus
775 764 860 828 atque
882 752 943 808 ovis
968 753 1062 808 avium
1085 751 1180 808 vivere

151 845 358 912 existimantur,
374 845 528 918 multisque
541 845 684 919 capitibus
698 845 727 900 in
742 843 894 900 Oceanum
909 841 1010 900 influit.

191 935 244 992 XI.
273 936 370 994 Caesar
386 955 473 1010 quum
489 936 524 992 ab
545 935 627 992 hoste
648 954 707 992 non
728 935 850 1009 amplius
869 953 1004 1010 passuum
1019 933 1082 990 XII
1096 933 1181 989 milli-

151 1026 205 1082 bus
228 1028 348 1096 abesset,
371 1037 486 1084 uteret
509 1026 707 1096 constitutum,
722 1027 758 1082 ad
781 1045 848 1084 eum
871 1025 958 1101 legati
979 1035 1179 1081 revertuntur:

150 1117 210 1192 qui,
222 1117 251 1174 in
267 1119 367 1174 itinere
379 1117 729 1194 congressimagnopere,
741 1125 748 1148 ‘
760 1135 796 1173 ne
811 1115 925 1192 longius
938 1115 1179 1192 progrederetur,¹

150 1209 279 1265 orabant.
319 1209 422 1268 Quum
447 1208 475 1263 id
497 1226 554 1264 uon
579 1207 789 1282 impetrassent,
816 1209 961 1283 petebant,
986 1205 1047 1262 ‘uti
1072 1207 1109 1262 ad
1130 1226 1181 1264 eos

150 1298 271 1372 equites,
292 1298 340 1372 qui
362 1317 464 1373 agmen
489 1299 718 1370 antecessissent,
738 1299 932 1374 praemitteret,
953 1317 1059 1371 eosque
1080 1300 1181 1374 pugnat

150 1388 330 1464 prohiberet;
361 1388 473 1462 sibique
498 1387 538 1446 uti
565 1400 735 1464 potestatem
763 1390 870 1446 iaceret
898 1389 927 1446 in
951 1389 1041 1446 Ubios
1068 1389 1182 1464 legatos

151 1479 301 1536 mittendi:
333 1497 455 1553 quorum
481 1480 506 1536 si
532 1481 677 1556 principes
705 1499 739 1536 ac
768 1491 884 1536 senatus
911 1480 966 1535 sibi
991 1479 1183 1555 jurejurando

150 1570 236 1628 fidem
251 1571 394 1640 fecissent,
409 1571 444 1628 ed
459 1571 633 1641 conditione,
649 1590 711 1645 quae
727 1589 744 1626 a
757 1571 872 1628 Caesare
886 1571 1015 1641 serretur,
1031 1589 1062 1628 se
1076 1590 1182 1628 usuros

150 1663 356 1720 ostendebant:
380 1662 415 1718 ad
429 1661 480 1718 has
493 1680 539 1718 res
553 1662 747 1718 conficiendas
761 1662 816 1718 sibi
830 1661 918 1718 tridui
932 1662 1055 1736 spatium
1078 1662 1179 1718 daret!

150 1753 224 1811 Haec
238 1754 335 1810 omnia
349 1753 446 1810 Caesar
460 1751 563 1810 eodem
584 1751 633 1810 illd
653 1753 797 1828 pertinere
820 1753 1018 1824 arbitrabatur,
1033 1764 1074 1822 ut,
1089 1753 1180 1809 tridui

150 1846 230 1901 morti
253 1844 430 1918 interpositi,
452 1844 563 1918 equites
585 1861 694 1914 eorum,
719 1844 768 1918 qui
793 1844 934 1913 abessent,
949 1855 1177 1901 reverterentur:

150 1944 246 1990 tamen
261 1943 341 1992 ‘sese
355 1954 412 1990 non
432 1933 549 2010 longius
568 1935 694 1990 millibus
714 1953 849 2010 passuum
871 1946 991 2009 quatuor
1016 1935 1179 2008 aquationis

150 2026 237 2081 causti
258 2043 458 2100 processurum
479 2044 513 2081 ec
538 2025 600 2081 die’
616 2025 705 2083 dixit:
728 2026 785 2081 huc
806 2036 920 2100 postero
944 2027 990 2082 die
1014 2025 1101 2099 quim
1124 2027 1179 2084 sre-

150 2115 328 2190 quentissimi
351 2115 546 2185 convenirent,
572 2127 603 2172 ut
627 2117 662 2173 de
685 2135 783 2173 eorum
807 2117 957 2191 postulatis
979 2129 1176 2192 cognosceret.

150 2205 269 2262 Interim
295 2206 329 2262 ad
352 2205 512 2280 prefectos,
538 2207 586 2280 qui
609 2225 676 2262 cum
700 2207 778 2264 omni
801 2209 927 2281 equitatu
953 2219 1177 2279 antecesserant,

150 2297 246 2366 mittit,
262 2297 310 2370 qui
324 2295 505 2366 nunciarent,
520 2315 557 2352 ne
578 2297 673 2354 hostes
692 2298 793 2372 proelio
813 2299 1002 2354 lacesserent:
1024 2309 1062 2368 et,
1077 2299 1101 2354 si
1121 2301 1177 2374 ipsi

149 2387 366 2458 lacesserentur,
389 2378 571 2456 sustinerent,
599 2388 693 2461 quoad
720 2389 780 2463 ipse
808 2409 875 2446 cum
902 2389 1030 2445 exercitu
1056 2390 1177 2464 propius

150 2479 324 2536 accessisset.

188 2571 257 2628 XII.
286 2573 326 2628 At
347 2571 442 2628 hostes
466 2571 515 2628 ubi
536 2569 660 2645 prinnini
684 2581 796 2626 nostros
819 2570 930 2643 equites
954 2583 1174 2644 conspexerunt,

148 2681 269 2735 quorum
284 2673 344 2720 erat
358 2663 484 2736 quinque
499 2663 620 2718 millium
635 2680 780 2730 numerus,
795 2680 883 2734 quum
898 2660 952 2734 ipsi
972 2680 1029 2718 non
1052 2661 1175 2736 amplius

149 2751 256 2808 DCCC
272 2755 381 2826 equites
396 2753 544 2823 haberent,
559 2752 636 2826 qudd
651 2752 681 2820 ii,
696 2752 745 2824 qui
760 2753 951 2808 frumentandi
973 2754 1060 2808 causti
1082 2753 1175 2810 ierant

148 2853 226 2896 trans
241 2840 363 2910 Mosam,
378 2844 505 2900 nondum
519 2843 672 2910 redierant,
688 2842 758 2898 nihil
779 2843 946 2898 timentibus
966 2843 1080 2913 nostrie,
1095 2844 1174 2916 quod

148 2931 233 3005 legati
249 2949 347 2986 eorum
367 2931 453 3005 pauld
476 2933 541 2988 ante
567 2952 583 2989 a
607 2933 721 2988 Caesare
742 2933 942 3003 discesserant,
958 2945 1041 3006 atque
1064 2934 1087 2989 is
1111 2934 1174 2992 dies

149 3021 273 3079 induciis
287 3033 346 3078 erat
363 3023 398 3078 ab
412 3022 453 3078 eis
467 3023 581 3096 petituS,
598 3024 704 3097 impetu
727 3023 813 3092 facto,
828 3025 958 3080 celeriter
979 3037 1091 3081 nostros
1110 3045 1174 3100 per-

148 3113 340 3169 turbaverunt.
383 3111 497 3169 Rursus
523 3114 721 3170 resistentibus
742 3115 856 3184 nostrie,
884 3117 1092 3173 consuetudine
1120 3119 1173 3174 suri

149 3203 183 3258 ad
198 3203 284 3277 pedes
299 3203 484 3274 desiluerunt,
499 3205 682 3278 suffossisque
696 3205 787 3278 equis,
803 3205 1054 3280 compluribusque
1068 3208 1173 3264 nostris

148 3293 277 3368 dejectis,
302 3294 426 3368 reliquos
451 3295 478 3351 in
503 3296 600 3370 sugam
624 3297 820 3371 conjecerunt,
842 3307 927 3369 atque
948 3297 986 3352 ita
1007 3299 1173 3371 perterritos

147 3397 277 3460 egerunt,
293 3397 322 3440 ut
345 3405 403 3442 non
426 3385 507 3460 priris
531 3387 598 3460 sugit
623 3385 802 3456 desisterent,
820 3385 906 3460 quam
931 3388 960 3443 in
985 3401 1173 3462 conspectum

149 3475 270 3553 tigurinis
294 3477 382 3532 nostri
406 3477 558 3532 venissent.
600 3475 633 3532 In
658 3495 693 3533 eo
715 3479 816 3551 proelio
839 3497 874 3534 ex
901 3479 1045 3551 equitibus
1068 3481 1173 3536 nostris

149 3567 357 3624 interficiuntur
381 3577 502 3640 quatuor
526 3577 554 3621 et
576 3567 772 3641 septuaginta;
806 3569 834 3624 in
860 3569 904 3624 his
927 3571 969 3624 rir
992 3570 1172 3640 fortissimus,

147 3659 224 3730 Piso,
242 3659 412 3733 rlqrritanus,
425 3657 599 3730 amplissimo
609 3675 714 3730 genere
728 3671 822 3727 natus,
834 3659 916 3733 cujus
931 3680 998 3716 arus
1013 3661 1041 3716 in
1057 3662 1174 3718 civitate

147 3751 199 3806 sud
222 3769 341 3825 regnum
363 3749 536 3828 obtinuerat,
565 3747 674 3802 amicus
698 3749 734 3802 ab
757 3763 858 3805 senatu
884 3763 982 3807 nostro
1006 3753 1172 3826 appellatus

149 3837 208 3894 Ilio
222 3857 310 3914 quum
324 3839 404 3895 fratri
418 3837 575 3894 intercluso
589 3837 625 3892 ab
637 3836 768 3892 hostibus
781 3840 918 3896 auxilium
933 3841 1028 3913 ferret,
1043 3843 1124 3902 illum
1136 3862 1175 3900 ex
