2578 4270
1058 251 1070 278 J

99 274 104 280 ’
140 311 207 359 cap.
224 311 263 372 31,
280 311 330 372 aa]
525 307 631 356 traua
653 309 795 358 auratus.
1136 314 1171 370 la

140 455 293 527 Sequanis,
316 451 402 526 quam
423 451 527 508 AEduis
546 453 631 508 victis
653 453 803 522 accidisse,
818 464 967 528 propterea
989 451 1065 526 quod
1087 453 1170 509 Ario·

140 547 238 614 vistus,
255 564 303 600 rex
318 545 536 612 Germanorum,
553 545 581 599 in
597 563 695 599 eorum
718 543 822 600 linibus
844 544 1030 613 consedisset,
1045 545 1170 599 tertiam·

140 655 195 709 que
210 647 319 710 partem
336 637 395 710 agri
411 636 548 708 Sequani,
564 635 612 708 qui
628 646 701 690 esset
716 636 841 708 optimus
855 636 942 692 totius
956 635 1068 703 Galliae,
1083 654 1170 690 occu-

75 799 80 806 ·
140 729 273 802 pavisset,
289 739 317 782 et
331 745 409 782 nunc
423 726 459 782 de
475 727 562 782 altera
576 739 655 800 parte
670 728 753 782 tertia
770 727 919 799 Sequanos
934 726 1073 782 decedere
1089 726 1170 800 juhe-

142 830 194 886 ret,
222 831 371 892 propterea
398 816 475 890 quod
503 819 603 891 paucis
630 818 776 874 mensibus
806 816 871 874 ante
901 817 1051 872 Harudum
1081 817 1170 872 millia

142 909 289 965 hominum
304 907 408 964 XXIV
426 907 460 963 ad
475 926 541 962 eum
555 909 709 977 venissent,
725 909 828 981 quibus
849 909 930 964 locus
946 927 979 963 ac
994 908 1076 963 sedes
1090 926 1169 981 para-

142 1013 247 1058 rentur.
289 999 430 1055 Futurum
445 1017 507 1054 esse
520 1000 621 1073 paucis
636 1000 727 1068 arinis,
740 998 780 1054 uti
796 1018 895 1054 omnes
906 1018 940 1054 ex
951 1000 1052 1054 Galliae
1065 999 1169 1054 finibus

140 1093 323 1166 pellerentur,
340 1102 424 1164 atque
445 1109 545 1146 omnes
565 1090 702 1146 Germani
724 1089 861 1145 Rhenum
883 1091 1054 1146 transirent:
1077 1107 1169 1162 neque
1212 1129 1223 1142 ,-

141 1185 218 1238 enim
246 1181 450 1238 conferendum
479 1199 541 1236 esse
571 1181 715 1237 Gallicum
743 1199 810 1236 cum
845 1182 1054 1244 Germanorum
1091 1200 1168 1254 agro,

142 1293 234 1346 neque
263 1275 337 1329 hanc
364 1272 602 1329 consuetudinem
632 1273 724 1328 victris
752 1291 819 1326 cum
855 1273 902 1327 illa
938 1272 1167 1345 crunpararrdanr.

143 1367 317 1422 Ariovistum
342 1377 445 1434 autem,
469 1375 499 1420 ut
521 1364 608 1420 semel
636 1363 784 1419 Gallorum
810 1364 907 1436 copias
934 1363 1034 1436 proelio
1058 1364 1168 1431 vicerit,

141 1458 216 1530 quod
232 1457 361 1530 proelium
377 1457 483 1512 lactum
499 1455 535 1511 sit
550 1455 584 1510 ad
601 1454 820 1529 lllagetobriam‚
835 1452 957 1528 superbe
973 1466 1000 1509 et
1015 1454 1169 1520 crudeliter

85 1533 100 1543 ‘
142 1546 291 1622 imperare,
313 1547 426 1603 obsides
447 1546 615 1601 nobilissimi
644 1546 782 1620 cujusque
807 1545 911 1600 liberos
933 1563 1060 1619 poscere,
1089 1557 1117 1601 et
1140 1565 1167 1601 n*

140 1659 190 1696 eos
204 1639 300 1694 omnia
314 1637 443 1710 exempla
457 1637 658 1710 cruciatusque
670 1637 799 1705 edere?si
815 1655 871 1710 qua
885 1655 929 1692 res
944 1655 1001 1690 non
1018 1636 1050 1690 ad
1068 1649 1168 1692 nutum

142 1742 190 1786 aut
206 1730 239 1784 ad
255 1729 428 1784 voluntatem
443 1727 503 1801 ejus
518 1727 593 1782 facta
614 1727 667 1782 sit:
690 1727 834 1782 hominem
856 1745 918 1782 esse
940 1728 1101 1795 barbarum,
1118 1729 1170 1783 ira-

141 1821 279 1889 cundum,
294 1819 496 1876 temerarium:
519 1837 576 1872 non
590 1801 673 1891 posse
688 1819 749 1892 ejus
764 1818 883 1890 imperia
897 1818 1005 1872 diutius
1026 1819 1167 1876 sustineri.

142 1913 207 1968 Nisi
222 1912 245 1967 si
260 1910 328 1984 quid
344 1911 373 1966 in
388 1909 503 1966 Caesare
517 1909 679 1982 populoque
700 1909 836 1964 Romano
856 1909 893 1964 sit
915 1908 1021 1979 auxilii,
1036 1909 1169 1966 omnibus

141 2004 232 2059 Gallis
255 2003 330 2058 idem
352 2019 414 2058 esse
437 2001 611 2070 laciendum,
633 2001 708 2074 quod
730 1999 856 2056 Helvetii
880 2000 1009 2070 fecerint,
1032 2011 1061 2056 ut
1084 2001 1169 2057 domo

141 2096 298 2170 emigrent3
322 2093 398 2149 aliud
422 2093 610 2161 domicilium,
629 2093 698 2148 alias
718 2092 809 2161 sedes,
825 2103 948 2148 remotas
970 2111 986 2147 a
1005 2093 1167 2162 Germanis,

97 2182 101 2189 '
142 2197 254 2260 petant3
277 2185 484 2258 fortunamque,
509 2203 697 2257 quaecumque
721 2184 842 2254 accidat,
862 2185 1051 2258 experiantur.
1076 2171 1169 2240 'Haec

142 2277 165 2332 si
181 2277 334 2333 enunciata
349 2276 493 2332 Ariovisto
507 2277 573 2344 sint,
589 2295 646 2330 non
662 2275 803 2344 dubitare,
819 2276 888 2348 quin
910 2275 945 2330 de
966 2275 1100 2331 omnibus
1120 2275 1169 2330 ob-

142 2368 260 2438 sidibus,
286 2368 333 2442 qui
358 2367 432 2441 apud
456 2385 521 2422 eum
547 2368 614 2435 sint,
640 2367 837 2440 gravissimum
866 2367 1038 2440 supplicium
1066 2376 1168 2422 sumat.

142 2460 285 2514 Caesarem
300 2459 342 2514 vel
366 2459 534 2514 auctoritate
556 2459 608 2512 sua
634 2467 718 2528 atque
742 2457 895 2526 exercitiis,
911 2457 954 2512 vel
979 2457 1087 2512 recenti
1112 2453 1170 2513 vlo·

142 2551 224 2618 toria,
240 2550 282 2606 vel
298 2550 414 2605 nomine
428 2549 525 2622 populi
541 2547 667 2602 Romani
683 2547 826 2601 deterrere
840 2565 933 2619 posse,
945 2565 982 2601 ne
996 2547 1085 2620 major
1100 2548 1170 2603 mul·

141 2641 234 2697 titudo
247 2641 456 2697 Germanorum
471 2637 608 2692 Rhenum
628 2636 839 2704 transducatur,
860 2636 1042 2708 Galliamque
1056 2655 1169 2693 omnem

143 2733 177 2790 ab
192 2730 330 2788 Ariovisti
345 2727 448 2803 injuria
462 2745 546 2802 posse
561 2727 731 2784 defendere.¹

180 2820 313 2878 XXXII.
343 2819 408 2875 Hac
423 2819 551 2874 oratione
571 2818 606 2873 ab
627 2817 773 2874 Divitiaco
794 2816 901 2882 habita,
917 2835 1026 2886 omnes,
1042 2817 1089 2892 qui
1107 2819 1170 2875 ade-

141 2925 214 2982 rant,
230 2931 334 2986 magno
348 2910 416 2966 fietu
440 2910 575 2966 auxilium
602 2930 617 2965 a
644 2909 759 2965 Caesare
778 2919 876 2982 petere
900 2919 1056 2982 caeperunt.
1099 2910 1171 2966 Ani-

142 3003 292 3059 madvertit
306 2989 408 3058 Caesaf
417 3021 490 3056 unos
504 3019 539 3057 ex
552 3001 686 3056 omnibus
701 3001 850 3072 Sequanos
864 2999 935 3055 nihil
955 3019 1053 3055 earum
1074 3019 1169 3056 rerum

143 3095 246 3162 facere,
262 3113 332 3168 quas
347 3093 435 3150 ceteri
452 3092 598 3160 facerent3
621 3091 671 3145 sed
685 3091 789 3160 tristes,
805 3092 899 3164 capite
916 3091 1049 3160 demisso,
1064 3101 1168 3146 terram

144 3186 255 3242 intueri.
298 3185 369 3259 Ejus
392 3185 433 3241 rei
457 3189 519 3256 qu'ae
543 3200 631 3236 causa
652 3192 735 3249 esset,
757 3182 885 3250 miratu5‚
900 3199 935 3236 ex
958 3181 1025 3254 ipsis
1049 3182 1168 3254 quaesiit.

143 3275 223 3332 Nihil
240 3276 365 3349 Sequani
381 3273 563 3346 respondere,
579 3271 629 3326 sed
651 3272 679 3326 in
699 3272 799 3327 eadem
821 3271 936 3328 tristitia
957 3272 1037 3327 taciti
1061 3290 1170 3346 perma-

143 3385 219 3422 nere.
260 3367 362 3426 Quum
387 3365 422 3419 ab
447 3363 482 3418 iis
509 3362 612 3436 saepius
640 3373 788 3435 quaereret,
816 3381 910 3436 neque
939 3362 1024 3418 ullam
1052 3362 1170 3418 omnino

143 3475 242 3512 vocem
270 3456 428 3529 exprimere
453 3463 558 3527 posset,
581 3452 656 3508 idem
679 3453 840 3508 Divitiacus
868 3452 982 3508 AEduas
1006 3452 1168 3526 respondit:

144 3547 229 3602 ‘Hoc
244 3563 306 3602 esse
320 3545 494 3600 miseriorem
509 3543 724 3618 gravioremque
739 3543 881 3599 fortunam
898 3536 1097 3616 Sequanorum
1112 3561 1169 3615 praa

144 3639 327 3710 reliquorum,
343 3633 419 3707 quod
434 3634 485 3690 soli
501 3653 538 3690 ne
553 3634 582 3689 in
597 3634 711 3689 occulto
726 3634 841 3706 quidem
857 3633 947 3713 queri,
963 3651 1017 3688 nec
1033 3631 1168 3686 auxilium

144 3730 294 3803 implorare
310 3726 455 3794 auderent,
472 3725 651 3797 absentisque
673 3724 809 3780 Ariovisti
832 3723 1040 3789 crudelitatem,
1056 3720 1132 3776 velut
1146 3720 1169 3776 si

143 3819 240 3878 coram
256 3817 376 3886 adesset,
392 3815 555 3871 horrerent:
576 3826 725 3889 propterea
744 3813 820 3886 quod
842 3812 958 3885 reliquis
979 3822 1074 3867 tamen
1096 3811 1170 3886 lugae

144 3911 262 3972 facultas
276 3909 407 3974 daretur;
430 3905 572 3978 Sequanis
586 3905 663 3975 vero,
676 3905 726 3978 qui
740 3905 815 3960 intra
828 3903 899 3959 lines
913 3920 979 3958 suos
993 3901 1170 3959 Ariovistum
