2578 4270
128 319 167 378 20
408 307 413 317 “
457 321 510 369 nu·
528 321 645 369 annuo
669 322 829 371 GALLICO
964 321 1042 385 [cn.
1059 322 1165 371 ae-aa.

129 465 315 538 recepissent,
341 483 462 538 quorum
486 465 592 539 oppida
618 465 716 522 omnia
742 465 772 522 in
800 465 861 540 ejus
888 473 1029 540 potestate
1056 475 1164 536 essent,

129 573 229 611 omnes
244 556 389 611 cruciatus
403 567 498 612 essent
512 557 692 630 perferendi!

170 645 317 702 XXXIII.
347 647 402 702 His
416 648 501 703 rebus
516 648 650 722 cognitis,
666 647 763 702 Caesar
778 647 926 703 Gallorum
942 647 1052 705 animos
1067 648 1164 704 verbis

130 737 318 807 confirmavit,
345 738 548 812 pollicitusque
575 749 618 794 est
639 739 714 793 ‘sibi
742 756 805 793 earn
833 755 893 793 rem
921 757 997 793 curae
1020 738 1162 794 suturam:

129 848 264 904 magnam
279 847 309 885 se
324 829 429 884 habere
444 847 534 904 spem,
550 839 578 885 et
592 829 734 885 beneficio
754 846 807 884 suo
828 839 856 884 et
872 829 1040 884 auctoritate
1056 829 1164 884 adduc-

129 929 190 975 tum
205 920 382 976 Ariovistum
395 919 482 976 finem
497 920 608 994 injuriis
623 921 783 976 facturum)
826 919 892 975 Hac
907 921 1036 975 oratione
1052 920 1161 990 habita,

130 1011 286 1066 concilium
300 1010 417 1080 dimisit,
433 1021 461 1066 et
475 1011 633 1066 secundum
649 1029 684 1067 ea
697 1011 793 1066 multae
807 1029 853 1066 res
875 1029 941 1066 eum
962 1011 1161 1080 hortabantur,

129 1120 216 1174 quare
237 1101 292 1157 sibi
313 1121 376 1158 earn
397 1120 458 1158 rem
480 1101 662 1177 cogitandam
688 1111 717 1158 et
741 1101 952 1176 suscipiendam
977 1112 1108 1177 putaret;
1131 1103 1161 1158 iu

129 1192 237 1266 primis,
253 1193 330 1266 quod
346 1193 467 1263 AEduos‚
483 1193 583 1248 fratres
598 1193 886 1268 consanguineosque
906 1210 1103 1267 sepenumero
1125 1193 1162 1248 ab

130 1293 230 1338 senatu
246 1284 410 1357 appellatos
426 1283 455 1340 in
470 1283 605 1340 servitute
620 1294 704 1356 atque
727 1283 756 1339 in
779 1283 888 1339 ditione
909 1283 1024 1339 videbat
1043 1284 1162 1339 Germa-

130 1392 233 1429 norum
247 1374 349 1444 teneri,
365 1393 521 1448 eorumque
543 1374 656 1430 obsides
678 1392 741 1430 esse
762 1373 837 1448 apud
858 1374 1034 1430 Ariovistum
1057 1393 1090 1430 ac
1111 1375 1162 1430 Se·

130 1484 240 1537 quanos
257 1465 462 1540 intelligebat:
491 1465 567 1538 quod
595 1465 624 1521 in
653 1476 733 1522 tanto
760 1465 881 1540 imperio
907 1465 1005 1540 populi
1033 1465 1161 1520 Romani

130 1556 325 1628 turpissimum
349 1556 403 1612 sibi
431 1567 459 1612 et
482 1556 649 1630 reipublicae
674 1575 736 1612 esse
765 1557 962 1613 arbitrabatur.
1018 1555 1160 1612 Paulatim

83 1692 84 1695 ,
131 1657 226 1702 autern
240 1647 400 1703 Germanos
423 1666 612 1704 consuescere
633 1647 771 1702 Rhenum
791 1647 922 1717 transire,
938 1657 967 1703 et
989 1647 1018 1703 in
1036 1647 1161 1702 Galliam

130 1756 264 1812 magnam
279 1757 377 1794 eorum
391 1738 603 1797 multitudinem
619 1739 725 1808 venire,
740 1739 847 1812 populo
867 1738 1003 1794 Romano
1020 1737 1162 1812 periculo-

130 1828 344 1885 sum'videbat:
366 1848 459 1902 neque
478 1829 686 1887 silriaehomines
709 1829 783 1885 seros
806 1847 839 1884 ac
864 1830 1000 1885 barbaros
1024 1839 1163 1903 tempera-

129 1929 208 1976 turos
229 1921 418 1989 existimabat,
440 1921 519 1992 quin,
535 1939 621 1993 quum
636 1939 751 1976 omnem
770 1920 895 1976 Galliam
916 1921 1114 1994 occupassent,
1130 1930 1161 1975 ut

132 2009 197 2065 ante
214 2010 324 2066 Cimbri
339 2009 524 2083 Teutonique
539 2011 683 2081 fecissent,
699 2011 727 2066 in
742 2011 920 2085 provinciam
941 2011 1061 2080 exirent,
1077 2021 1161 2083 atque

131 2101 198 2157 inde
223 2101 252 2156 in
280 2099 392 2156 Italiam
417 2101 640 2170 contenderent3
672 2102 828 2176 prasertim
857 2121 944 2174 quum
973 2103 1121 2174 Sequanos
1145 2119 1162 2156 a

131 2192 279 2266 provincial
311 2193 407 2248 nostra
435 2193 597 2248 Rhodanus
627 2187 773 2248 allideret.
815 2193 933 2252 Quibus
960 2193 1045 2248 rebus
1074 2191 1161 2266 quam

130 2281 296 2338 maturrime
320 2283 530 2338 occurrendum
551 2283 677 2358 putabat.
719 2282 785 2356 Ipse
807 2293 901 2338 autern
923 2283 1085 2338 Ariovistus
1100 2292 1162 2338 tan-

130 2383 174 2428 tos
189 2373 243 2429 sibi
258 2374 383 2448 spiritus,
397 2383 505 2430 tantam
522 2375 710 2449 arrogantiam
726 2384 894 2447 sumpserat,
909 2384 940 2429 ut
954 2373 1088 2430 ferendus
1102 2392 1160 2430 nou

131 2465 282 2521 videretur.

169 2555 314 2612 XXXIV.
343 2555 542 2616 Quamobrem
565 2555 674 2629 placuit
698 2555 734 2625 ei,
750 2565 781 2611 ut
804 2555 838 2610 ad
860 2554 1036 2610 Ariovistum
1051 2554 1162 2630 legatos

130 2648 263 2718 mitteret,
291 2648 340 2722 qui
364 2647 398 2702 ab
425 2665 461 2703 eo
486 2647 672 2721 postularent,
698 2645 738 2702 utl
766 2647 888 2719 aliquem
911 2646 1007 2702 locum
1033 2645 1159 2702 medium

130 2739 278 2810 utriusque
292 2737 435 2812 colloquio
450 2739 575 2794 diceret:
599 2738 670 2793 velle
689 2756 751 2793 sese
766 2738 802 2792 de
823 2737 971 2810 republica
994 2746 1022 2792 et
1042 2737 1161 2792 summis

130 2817 277 2900 utriusque
292 2829 376 2886 rebus
391 2849 456 2884 cum
471 2849 506 2885 eo
521 2847 613 2904 agere.
656 2828 692 2883 Ei
703 2828 840 2902 legationi
862 2828 1025 2882 Ariovistus
1046 2846 1160 2901 respon·

131 2917 191 2974 dit:
214 2917 265 2974 ‘Si
280 2906 348 2990 qnid
363 2919 416 2992 ipsi
432 2937 448 2974 a
461 2919 576 2974 Caesare
591 2937 662 2992 opus
681 2928 765 2986 esset,
780 2936 843 2973 sese
864 2917 899 2972 ad
922 2936 987 2972 eum
1009 2929 1159 2973 venturum

132 3009 237 3078 fuisse3
259 3009 284 3064 si
309 3009 377 3081 quid
400 3009 447 3064 ille
472 3028 488 3064 a
512 3027 542 3064 se
566 3009 643 3079 velit,
669 3008 749 3064 illurn
775 3007 810 3063 ad
838 3026 869 3062 se
896 3008 992 3064 venire
1020 3019 1158 3083 oportere.

131 3099 274 3156 Praeterea
295 3118 325 3156 se
347 3118 440 3173 neque
463 3099 525 3156 sine
547 3101 674 3156 exercitu
697 3099 727 3156 in
751 3118 799 3155 eas
819 3109 914 3173 partes
940 3099 1042 3156 Galliae
1063 3099 1160 3155 venire

133 3190 247 3260 audere,
272 3203 342 3264 quas
364 3191 461 3246 Caesar
482 3191 650 3265 possideret,
674 3209 768 3264 neque
790 3191 947 3246 exercitum
970 3190 1031 3245 sine
1056 3209 1161 3266 magno

132 3291 293 3337 commeatu
310 3291 393 3354 atque
408 3282 591 3338 emolimento
605 3282 634 3337 in
649 3301 738 3337 unum
753 3282 849 3337 locum
871 3281 1039 3336 contrahere
1059 3300 1157 3354 posse:

132 3372 186 3428 sibi
202 3384 296 3428 autern
311 3371 414 3427 mirum
429 3372 528 3441 videri,
544 3372 612 3445 quid
627 3373 657 3428 in
671 3373 723 3428 sual
734 3373 839 3440 Gallia,
852 3391 936 3444 quarn
949 3371 1024 3426 bello
1036 3372 1158 3442 vicisset,

133 3473 181 3518 aut
195 3463 302 3518 Caesari
319 3472 366 3518 aut
381 3463 498 3520 omnino
511 3463 617 3535 populo
631 3462 767 3518 Romano
781 3463 889 3535 negotii
908 3463 1000 3517 esset!

172 3553 301 3609 XXXV.
332 3553 386 3608 His
401 3553 543 3626 responsis
565 3551 600 3607 ad
622 3552 765 3608 Caesarem
781 3547 893 3621 relatis,
911 3553 1013 3608 iterum
1039 3551 1073 3606 ad
1095 3571 1159 3608 eurn

132 3644 229 3700 Caesar
251 3643 359 3718 legatos
384 3663 448 3698 curn
471 3642 514 3698 his
538 3643 679 3698 mandatis
702 3643 801 3698 mittit:
825 3643 1000 3711 ‘Quoniam
1016 3653 1095 3697 tanto
1109 3661 1160 3698 suo

132 3735 286 3808 populique
309 3724 435 3789 Romam
458 3733 598 3792 beneficio
622 3733 749 3800 affectus,
773 3751 860 3804 quum
886 3733 915 3788 in
937 3733 1087 3787 consulatu
1108 3752 1160 3789 suo

133 3843 182 3879 rex
198 3836 282 3900 atque
298 3826 406 3880 arnicas
422 3843 438 3878 a
453 3825 561 3878 Senatu
578 3823 733 3896 appellatus
748 3835 831 3890 esset,
843 3823 918 3877 hanc
930 3823 984 3878 sibi
998 3821 1158 3896 populoque

134 3913 270 3970 Romano
293 3916 413 3989 gratiam
437 3913 563 3982 referret,
586 3923 617 3967 ut
642 3912 671 3967 in
699 3913 874 3984 colloquium
903 3912 1000 3968 venire
1027 3911 1160 3970 invitatus
