<?xml version="1.0" encoding="UTF-8"?>
<!DOCTYPE html PUBLIC "-//W3C//DTD XHTML 1.0 Transitional//EN"
    "http://www.w3.org/TR/xhtml1/DTD/xhtml1-transitional.dtd">
<html xmlns="http://www.w3.org/1999/xhtml" xml:lang="en" lang="en">
 <head>
  <title>
</title>
<meta http-equiv="Content-Type" content="text/html;charset=utf-8" />
  <meta name='ocr-system' content='tesseract 3.04.00' />
  <meta name='ocr-capabilities' content='ocr_page ocr_carea ocr_par ocr_line ocrx_word'/>
</head>
<body>
  <div class='ocr_page' id='page_1' title='image "./cjuliuscaesarsc00caesgoog_0144.png"; bbox 0 0 2566 4270; ppageno 0'>
   <div class='ocr_carea' id='block_1_1' title="bbox 159 251 1201 319">
    <p class='ocr_par' dir='ltr' id='par_1_1' title="bbox 159 251 1201 319">
     <span class='ocr_line' id='line_1_1' title="bbox 159 251 1201 319; baseline -0.008 -12"><span class='ocrx_word' id='word_1_1' title='bbox 159 255 216 314; x_wconf 73' lang='lat'><strong>182</strong></span> <span class='ocrx_word' id='word_1_2' title='bbox 482 253 535 304; x_wconf 76' lang='lat' dir='ltr'><strong>DE</strong></span> <span class='ocrx_word' id='word_1_3' title='bbox 553 251 670 304; x_wconf 86' lang='lat' dir='ltr'>BELLO</span> <span class='ocrx_word' id='word_1_4' title='bbox 694 251 853 300; x_wconf 73' lang='lat' dir='ltr'><strong>Gannico</strong></span> <span class='ocrx_word' id='word_1_5' title='bbox 986 251 1066 319; x_wconf 76' lang='lat' dir='ltr'><strong>[Cae.</strong></span> <span class='ocrx_word' id='word_1_6' title='bbox 1083 251 1201 306; x_wconf 66' lang='lat' dir='ltr'><strong>43-745v</strong></span> 
     </span>
    </p>
   </div>
   <div class='ocr_carea' id='block_1_2' title="bbox 156 391 1201 1464">
    <p class='ocr_par' dir='ltr' id='par_1_2' title="bbox 156 391 1201 1195">
     <span class='ocr_line' id='line_1_2' title="bbox 158 391 1201 472; baseline -0.004 -20"><span class='ocrx_word' id='word_1_7' title='bbox 158 394 345 469; x_wconf 84' lang='lat' dir='ltr'><strong>civitatesque</strong></span> <span class='ocrx_word' id='word_1_8' title='bbox 373 394 498 470; x_wconf 81' lang='lat' dir='ltr'><strong>reliquas</strong></span> <span class='ocrx_word' id='word_1_9' title='bbox 524 394 717 472; x_wconf 81' lang='lat' dir='ltr'>legationibus</span> <span class='ocrx_word' id='word_1_10' title='bbox 746 393 908 450; x_wconf 89' lang='lat' dir='ltr'><strong>sollicitant.</strong></span> <span class='ocrx_word' id='word_1_11' title='bbox 962 393 1039 454; x_wconf 78' lang='lat' dir='ltr'><strong>Quae</strong></span> <span class='ocrx_word' id='word_1_12' title='bbox 1075 391 1201 450; x_wconf 88' lang='lat' dir='ltr'><strong>tametsi</strong></span> 
     </span>
     <span class='ocr_line' id='line_1_3' title="bbox 158 482 1201 562; baseline -0.004 -20"><span class='ocrx_word' id='word_1_13' title='bbox 158 485 254 542; x_wconf 84' lang='lat' dir='ltr'><strong>Caesar</strong></span> <span class='ocrx_word' id='word_1_14' title='bbox 279 487 466 562; x_wconf 81' lang='lat' dir='ltr'>intelligebat,</span> <span class='ocrx_word' id='word_1_15' title='bbox 485 497 592 556; x_wconf 88' lang='lat' dir='ltr'><strong>tamen,</strong></span> <span class='ocrx_word' id='word_1_16' title='bbox 612 484 698 560; x_wconf 70' lang='lat' dir='ltr'><strong>quam</strong></span> <span class='ocrx_word' id='word_1_17' title='bbox 724 482 872 542; x_wconf 72' lang='lat' dir='ltr'><strong>mitissime</strong></span> <span class='ocrx_word' id='word_1_18' title='bbox 894 495 996 558; x_wconf 86' lang='lat' dir='ltr'><strong>potest,</strong></span> <span class='ocrx_word' id='word_1_19' title='bbox 1010 485 1125 560; x_wconf 85' lang='lat' dir='ltr'><strong>legatos</strong></span> <span class='ocrx_word' id='word_1_20' title='bbox 1148 503 1201 558; x_wconf 90' lang='lat' dir='ltr'><strong>ap-</strong></span> 
     </span>
     <span class='ocr_line' id='line_1_4' title="bbox 156 575 1199 652; baseline 0 -20"><span class='ocrx_word' id='word_1_21' title='bbox 156 577 262 651; x_wconf 89' lang='lat' dir='ltr'><strong>pellat:</strong></span> <span class='ocrx_word' id='word_1_22' title='bbox 285 575 386 634; x_wconf 91' lang='lat' dir='ltr'><strong>‘Nihil</strong></span> <span class='ocrx_word' id='word_1_23' title='bbox 408 595 439 634; x_wconf 90' lang='lat' dir='ltr'><strong>se</strong></span> <span class='ocrx_word' id='word_1_24' title='bbox 458 588 573 652; x_wconf 89' lang='lat' dir='ltr'><strong>propter</strong></span> <span class='ocrx_word' id='word_1_25' title='bbox 597 577 779 634; x_wconf 79' lang='lat' dir='ltr'><strong>inscientiam</strong></span> <span class='ocrx_word' id='word_1_26' title='bbox 800 576 1001 650; x_wconf 86' lang='lat' dir='ltr'><strong>levitatemque</strong></span> <span class='ocrx_word' id='word_1_27' title='bbox 1025 577 1106 652; x_wconf 90' lang='lat' dir='ltr'><strong>vulgi</strong></span> <span class='ocrx_word' id='word_1_28' title='bbox 1129 595 1199 652; x_wconf 84' lang='lat' dir='ltr'><strong>gra-</strong></span> 
     </span>
     <span class='ocr_line' id='line_1_5' title="bbox 157 665 1196 743; baseline 0.003 -22"><span class='ocrx_word' id='word_1_29' title='bbox 157 667 219 722; x_wconf 87' lang='lat' dir='ltr'><strong>vius</strong></span> <span class='ocrx_word' id='word_1_30' title='bbox 233 667 269 724; x_wconf 90' lang='lat' dir='ltr'><strong>dc</strong></span> <span class='ocrx_word' id='word_1_31' title='bbox 284 667 399 724; x_wconf 90' lang='lat' dir='ltr'><strong>civitate</strong></span> <span class='ocrx_word' id='word_1_32' title='bbox 410 668 551 743; x_wconf 80' lang='lat' dir='ltr'><strong>judicare,</strong></span> <span class='ocrx_word' id='word_1_33' title='bbox 565 685 659 741; x_wconf 90' lang='lat' dir='ltr'><strong>neque</strong></span> <span class='ocrx_word' id='word_1_34' title='bbox 673 665 709 723; x_wconf 91' lang='lat' dir='ltr'><strong>de</strong></span> <span class='ocrx_word' id='word_1_35' title='bbox 727 667 779 724; x_wconf 78' lang='lat' dir='ltr'><strong>suri</strong></span> <span class='ocrx_word' id='word_1_36' title='bbox 802 667 832 724; x_wconf 90' lang='lat' dir='ltr'><strong>iu</strong></span> <span class='ocrx_word' id='word_1_37' title='bbox 852 665 965 724; x_wconf 88' lang='lat' dir='ltr'><strong>AEduos</strong></span> <span class='ocrx_word' id='word_1_38' title='bbox 986 667 1196 724; x_wconf 74' lang='lat' dir='ltr'><strong>benevolentia</strong></span> 
     </span>
     <span class='ocr_line' id='line_1_6' title="bbox 156 755 1196 832; baseline 0.002 -20"><span class='ocrx_word' id='word_1_39' title='bbox 156 755 341 816; x_wconf 72' lang='lat' dir='ltr'><strong>deminuere!</strong></span> <span class='ocrx_word' id='word_1_40' title='bbox 383 757 459 832; x_wconf 87' lang='lat' dir='ltr'><strong>Ipse,</strong></span> <span class='ocrx_word' id='word_1_41' title='bbox 480 757 616 832; x_wconf 88' lang='lat' dir='ltr'><strong>majorem</strong></span> <span class='ocrx_word' id='word_1_42' title='bbox 636 757 738 816; x_wconf 79' lang='lat' dir='ltr'><strong>Gallia</strong></span> <span class='ocrx_word' id='word_1_43' title='bbox 759 768 869 814; x_wconf 87' lang='lat' dir='ltr'><strong>motum</strong></span> <span class='ocrx_word' id='word_1_44' title='bbox 893 769 1073 832; x_wconf 71' lang='lat' dir='ltr'><strong>exspectem,</strong></span> <span class='ocrx_word' id='word_1_45' title='bbox 1095 777 1135 814; x_wconf 92' lang='lat' dir='ltr'><strong>ne</strong></span> <span class='ocrx_word' id='word_1_46' title='bbox 1156 758 1196 814; x_wconf 90' lang='lat' dir='ltr'><strong>ab</strong></span> 
     </span>
     <span class='ocr_line' id='line_1_7' title="bbox 157 848 1196 921; baseline 0 -17"><span class='ocrx_word' id='word_1_47' title='bbox 157 849 291 904; x_wconf 90' lang='lat' dir='ltr'><strong>omnibus</strong></span> <span class='ocrx_word' id='word_1_48' title='bbox 315 848 480 904; x_wconf 87' lang='lat' dir='ltr'><strong>civitatibus</strong></span> <span class='ocrx_word' id='word_1_49' title='bbox 504 849 772 918; x_wconf 74' lang='lat' dir='ltr'><strong>circumsisterent,</strong></span> <span class='ocrx_word' id='word_1_50' title='bbox 794 848 915 904; x_wconf 89' lang='lat' dir='ltr'><strong>consilia</strong></span> <span class='ocrx_word' id='word_1_51' title='bbox 938 848 1038 918; x_wconf 86' lang='lat' dir='ltr'><strong>inibat,</strong></span> <span class='ocrx_word' id='word_1_52' title='bbox 1053 849 1196 921; x_wconf 87' lang='lat' dir='ltr'><strong>quemad·</strong></span> 
     </span>
     <span class='ocr_line' id='line_1_8' title="bbox 157 938 1193 1014; baseline 0 -20"><span class='ocrx_word' id='word_1_53' title='bbox 157 938 275 995; x_wconf 88' lang='lat' dir='ltr'><strong>modum</strong></span> <span class='ocrx_word' id='word_1_54' title='bbox 300 939 335 994; x_wconf 90' lang='lat' dir='ltr'><strong>ab</strong></span> <span class='ocrx_word' id='word_1_55' title='bbox 356 939 500 1014; x_wconf 73' lang='lat' dir='ltr'><strong>Gergovia</strong></span> <span class='ocrx_word' id='word_1_56' title='bbox 524 938 695 1010; x_wconf 89' lang='lat' dir='ltr'><strong>discederet,</strong></span> <span class='ocrx_word' id='word_1_57' title='bbox 711 957 745 994; x_wconf 91' lang='lat' dir='ltr'><strong>ac</strong></span> <span class='ocrx_word' id='word_1_58' title='bbox 767 957 864 994; x_wconf 88' lang='lat' dir='ltr'><strong>rursus</strong></span> <span class='ocrx_word' id='word_1_59' title='bbox 889 957 1003 996; x_wconf 92' lang='lat' dir='ltr'><strong>omnem</strong></span> <span class='ocrx_word' id='word_1_60' title='bbox 1027 939 1193 995; x_wconf 86' lang='lat' dir='ltr'><strong>exercitum</strong></span> 
     </span>
     <span class='ocr_line' id='line_1_9' title="bbox 158 1029 1193 1104; baseline 0.002 -20"><span class='ocrx_word' id='word_1_61' title='bbox 158 1029 356 1099; x_wconf 87' lang='lat' dir='ltr'><strong>contraheret;</strong></span> <span class='ocrx_word' id='word_1_62' title='bbox 378 1047 416 1086; x_wconf 89' lang='lat' dir='ltr'><strong>ne</strong></span> <span class='ocrx_word' id='word_1_63' title='bbox 437 1029 587 1104; x_wconf 86' lang='lat' dir='ltr'><strong>profectio,</strong></span> <span class='ocrx_word' id='word_1_64' title='bbox 609 1039 678 1086; x_wconf 88' lang='lat' dir='ltr'><strong>nata</strong></span> <span class='ocrx_word' id='word_1_65' title='bbox 701 1029 736 1085; x_wconf 86' lang='lat' dir='ltr'><strong>ab</strong></span> <span class='ocrx_word' id='word_1_66' title='bbox 758 1029 860 1088; x_wconf 87' lang='lat' dir='ltr'><strong>timore</strong></span> <span class='ocrx_word' id='word_1_67' title='bbox 882 1029 1193 1102; x_wconf 79' lang='lat' dir='ltr'><strong>deleotionis„similis</strong></span> 
     </span>
     <span class='ocr_line' id='line_1_10' title="bbox 159 1119 398 1195; baseline 0 -19"><span class='ocrx_word' id='word_1_68' title='bbox 159 1119 233 1195; x_wconf 69' lang='lat' dir='ltr'><strong>sugas</strong></span> <span class='ocrx_word' id='word_1_69' title='bbox 248 1120 398 1178; x_wconf 90' lang='lat' dir='ltr'><strong>videretur.</strong></span> 
     </span>
    </p>

    <p class='ocr_par' dir='ltr' id='par_1_3' title="bbox 157 1209 1192 1464">
     <span class='ocr_line' id='line_1_11' title="bbox 197 1209 1192 1286; baseline 0 -20"><span class='ocrx_word' id='word_1_70' title='bbox 197 1209 306 1266; x_wconf 87' lang='lat' dir='ltr'><strong>XLIV.</strong></span> <span class='ocrx_word' id='word_1_71' title='bbox 335 1210 409 1266; x_wconf 81' lang='lat' dir='ltr'><strong>Haec</strong></span> <span class='ocrx_word' id='word_1_72' title='bbox 423 1209 562 1286; x_wconf 82' lang='lat' dir='ltr'><strong>cogitanti</strong></span> <span class='ocrx_word' id='word_1_73' title='bbox 577 1209 709 1273; x_wconf 85' lang='lat' dir='ltr'><strong>accidere</strong></span> <span class='ocrx_word' id='word_1_74' title='bbox 722 1209 784 1266; x_wconf 89' lang='lat' dir='ltr'><strong>visa</strong></span> <span class='ocrx_word' id='word_1_75' title='bbox 797 1221 840 1266; x_wconf 90' lang='lat' dir='ltr'><strong>est</strong></span> <span class='ocrx_word' id='word_1_76' title='bbox 854 1209 975 1266; x_wconf 83' lang='lat' dir='ltr'><strong>facultas</strong></span> <span class='ocrx_word' id='word_1_77' title='bbox 993 1210 1073 1267; x_wconf 87' lang='lat' dir='ltr'><strong>bene</strong></span> <span class='ocrx_word' id='word_1_78' title='bbox 1088 1229 1192 1286; x_wconf 84' lang='lat' dir='ltr'><strong>geren·</strong></span> 
     </span>
     <span class='ocr_line' id='line_1_12' title="bbox 158 1299 1190 1375; baseline 0.003 -20"><span class='ocrx_word' id='word_1_79' title='bbox 158 1299 201 1356; x_wconf 82' lang='lat' dir='ltr'><strong>dae</strong></span> <span class='ocrx_word' id='word_1_80' title='bbox 216 1299 265 1356; x_wconf 91' lang='lat' dir='ltr'><strong>rei.</strong></span> <span class='ocrx_word' id='word_1_81' title='bbox 307 1300 385 1356; x_wconf 89' lang='lat' dir='ltr'><strong>Nam</strong></span> <span class='ocrx_word' id='word_1_82' title='bbox 400 1319 488 1374; x_wconf 87' lang='lat' dir='ltr'><strong>quum</strong></span> <span class='ocrx_word' id='word_1_83' title='bbox 502 1301 613 1356; x_wconf 88' lang='lat' dir='ltr'><strong>minora</strong></span> <span class='ocrx_word' id='word_1_84' title='bbox 627 1301 656 1356; x_wconf 93' lang='lat' dir='ltr'><strong>in</strong></span> <span class='ocrx_word' id='word_1_85' title='bbox 671 1311 765 1356; x_wconf 87' lang='lat' dir='ltr'><strong>castra</strong></span> <span class='ocrx_word' id='word_1_86' title='bbox 778 1301 872 1375; x_wconf 91' lang='lat' dir='ltr'><strong>operis</strong></span> <span class='ocrx_word' id='word_1_87' title='bbox 885 1301 1077 1374; x_wconf 88' lang='lat' dir='ltr'><strong>perspiciendi</strong></span> <span class='ocrx_word' id='word_1_88' title='bbox 1098 1301 1190 1358; x_wconf 74' lang='lat' dir='ltr'><strong>eausa</strong></span> 
     </span>
     <span class='ocr_line' id='line_1_13' title="bbox 157 1389 1190 1464; baseline 0.003 -19"><span class='ocrx_word' id='word_1_89' title='bbox 157 1389 290 1461; x_wconf 89' lang='lat' dir='ltr'><strong>venisset,</strong></span> <span class='ocrx_word' id='word_1_90' title='bbox 306 1391 504 1452; x_wconf 84' lang='lat' dir='ltr'><strong>animadvertit</strong></span> <span class='ocrx_word' id='word_1_91' title='bbox 518 1391 631 1461; x_wconf 88' lang='lat' dir='ltr'><strong>collem,</strong></span> <span class='ocrx_word' id='word_1_92' title='bbox 646 1391 696 1464; x_wconf 93' lang='lat' dir='ltr'><strong>qui</strong></span> <span class='ocrx_word' id='word_1_93' title='bbox 716 1391 751 1447; x_wconf 93' lang='lat' dir='ltr'><strong>ab</strong></span> <span class='ocrx_word' id='word_1_94' title='bbox 772 1391 902 1448; x_wconf 87' lang='lat' dir='ltr'><strong>hostibus</strong></span> <span class='ocrx_word' id='word_1_95' title='bbox 922 1391 1083 1462; x_wconf 88' lang='lat' dir='ltr'><strong>tenebatur,</strong></span> <span class='ocrx_word' id='word_1_96' title='bbox 1097 1392 1190 1448; x_wconf 90' lang='lat' dir='ltr'><strong>nuda·</strong></span> 
     </span>
    </p>
   </div>
   <div class='ocr_carea' id='block_1_3' title="bbox 65 1481 1188 1556">
    <p class='ocr_par' dir='ltr' id='par_1_4' title="bbox 65 1481 1188 1556">
     <span class='ocr_line' id='line_1_14' title="bbox 65 1481 1188 1556; baseline 0.002 -20"><span class='ocrx_word' id='word_1_97' title='bbox 65 1503 69 1511; x_wconf 67' lang='lat'><strong><em>¹</em></strong></span> <span class='ocrx_word' id='word_1_98' title='bbox 155 1490 219 1537; x_wconf 85' lang='lat' dir='ltr'><strong>turn</strong></span> <span class='ocrx_word' id='word_1_99' title='bbox 240 1481 413 1552; x_wconf 89' lang='lat' dir='ltr'><strong>hominibus,</strong></span> <span class='ocrx_word' id='word_1_100' title='bbox 438 1482 487 1555; x_wconf 91' lang='lat' dir='ltr'><strong>qui</strong></span> <span class='ocrx_word' id='word_1_101' title='bbox 512 1482 707 1556; x_wconf 81' lang='lat' dir='ltr'><strong>superioribus</strong></span> <span class='ocrx_word' id='word_1_102' title='bbox 729 1482 830 1538; x_wconf 89' lang='lat' dir='ltr'><strong>diebus</strong></span> <span class='ocrx_word' id='word_1_103' title='bbox 853 1482 899 1537; x_wconf 85' lang='lat' dir='ltr'><strong>vix</strong></span> <span class='ocrx_word' id='word_1_104' title='bbox 922 1501 980 1556; x_wconf 83' lang='lat' dir='ltr'><strong>prae</strong></span> <span class='ocrx_word' id='word_1_105' title='bbox 1002 1482 1188 1538; x_wconf 88' lang='lat' dir='ltr'><strong>multitudine</strong></span> 
     </span>
    </p>
   </div>
   <div class='ocr_carea' id='block_1_4' title="bbox 148 1572 1266 3912">
    <p class='ocr_par' dir='ltr' id='par_1_5' title="bbox 148 1572 1188 2372">
     <span class='ocr_line' id='line_1_15' title="bbox 158 1572 1186 1648; baseline 0 -20"><span class='ocrx_word' id='word_1_106' title='bbox 158 1572 238 1628; x_wconf 87' lang='lat' dir='ltr'><strong>cerni</strong></span> <span class='ocrx_word' id='word_1_107' title='bbox 251 1583 370 1646; x_wconf 87' lang='lat' dir='ltr'><strong>poterat.</strong></span> <span class='ocrx_word' id='word_1_108' title='bbox 412 1573 581 1630; x_wconf 84' lang='lat' dir='ltr'><strong>Admiratus</strong></span> <span class='ocrx_word' id='word_1_109' title='bbox 595 1573 696 1647; x_wconf 87' lang='lat' dir='ltr'><strong>quaerit</strong></span> <span class='ocrx_word' id='word_1_110' title='bbox 720 1591 755 1630; x_wconf 88' lang='lat' dir='ltr'><strong>ex</strong></span> <span class='ocrx_word' id='word_1_111' title='bbox 774 1573 902 1648; x_wconf 85' lang='lat' dir='ltr'><strong>perfugis</strong></span> <span class='ocrx_word' id='word_1_112' title='bbox 922 1591 1048 1642; x_wconf 87' lang='lat' dir='ltr'><strong>causam,</strong></span> <span class='ocrx_word' id='word_1_113' title='bbox 1065 1591 1186 1646; x_wconf 87' lang='lat' dir='ltr'><strong>quorum</strong></span> 
     </span>
     <span class='ocr_line' id='line_1_16' title="bbox 157 1663 1186 1740; baseline -0.002 -20"><span class='ocrx_word' id='word_1_114' title='bbox 157 1681 279 1740; x_wconf 80' lang='lat' dir='ltr'><strong>magnus</strong></span> <span class='ocrx_word' id='word_1_115' title='bbox 294 1663 409 1720; x_wconf 89' lang='lat' dir='ltr'><strong>adeum</strong></span> <span class='ocrx_word' id='word_1_116' title='bbox 424 1663 553 1738; x_wconf 92' lang='lat' dir='ltr'><strong>quotidie</strong></span> <span class='ocrx_word' id='word_1_117' title='bbox 565 1681 701 1720; x_wconf 84' lang='lat' dir='ltr'><strong>numerus</strong></span> <span class='ocrx_word' id='word_1_118' title='bbox 718 1663 889 1720; x_wconf 87' lang='lat' dir='ltr'><strong>confluebat.</strong></span> <span class='ocrx_word' id='word_1_119' title='bbox 932 1663 1091 1720; x_wconf 83' lang='lat' dir='ltr'><strong>Constabat</strong></span> <span class='ocrx_word' id='word_1_120' title='bbox 1114 1664 1186 1720; x_wconf 87' lang='lat' dir='ltr'><strong>inter</strong></span> 
     </span>
     <span class='ocr_line' id='line_1_17' title="bbox 148 1739 1188 1830; baseline 0.002 -22"><span class='ocrx_word' id='word_1_121' title='bbox 148 1773 267 1825; x_wconf 82' lang='lat' dir='ltr'><strong>omnes,</strong></span> <span class='ocrx_word' id='word_1_122' title='bbox 282 1739 358 1828; x_wconf 84' lang='lat' dir='ltr'><strong>quod</strong></span> <span class='ocrx_word' id='word_1_123' title='bbox 370 1755 428 1830; x_wconf 85' lang='lat' dir='ltr'><strong>jam</strong></span> <span class='ocrx_word' id='word_1_124' title='bbox 443 1755 504 1830; x_wconf 87' lang='lat' dir='ltr'><strong>ipse</strong></span> <span class='ocrx_word' id='word_1_125' title='bbox 517 1752 614 1816; x_wconf 81' lang='lat' dir='ltr'><strong>Caesar</strong></span> <span class='ocrx_word' id='word_1_126' title='bbox 634 1773 685 1828; x_wconf 89' lang='lat' dir='ltr'><strong>per</strong></span> <span class='ocrx_word' id='word_1_127' title='bbox 710 1755 901 1828; x_wconf 85' lang='lat' dir='ltr'><strong>exploratores</strong></span> <span class='ocrx_word' id='word_1_128' title='bbox 925 1766 1108 1830; x_wconf 84' lang='lat' dir='ltr'><strong>cognoverat,</strong></span> <span class='ocrx_word' id='word_1_129' title='bbox 1124 1755 1188 1812; x_wconf 89' lang='lat' dir='ltr'><strong>dor-</strong></span> 
     </span>
     <span class='ocr_line' id='line_1_18' title="bbox 157 1843 1185 1921; baseline 0 -19"><span class='ocrx_word' id='word_1_130' title='bbox 157 1865 221 1902; x_wconf 89' lang='lat' dir='ltr'><strong>sum</strong></span> <span class='ocrx_word' id='word_1_131' title='bbox 236 1864 298 1902; x_wconf 90' lang='lat' dir='ltr'><strong>esse</strong></span> <span class='ocrx_word' id='word_1_132' title='bbox 311 1846 375 1920; x_wconf 85' lang='lat' dir='ltr'><strong>ejus</strong></span> <span class='ocrx_word' id='word_1_133' title='bbox 383 1845 445 1921; x_wconf 85' lang='lat' dir='ltr'><strong>jugi</strong></span> <span class='ocrx_word' id='word_1_134' title='bbox 459 1863 547 1919; x_wconf 90' lang='lat' dir='ltr'><strong>prope</strong></span> <span class='ocrx_word' id='word_1_135' title='bbox 560 1864 684 1918; x_wconf 81' lang='lat' dir='ltr'><strong>aequum,</strong></span> <span class='ocrx_word' id='word_1_136' title='bbox 699 1845 750 1900; x_wconf 88' lang='lat' dir='ltr'><strong>sed</strong></span> <span class='ocrx_word' id='word_1_137' title='bbox 764 1843 820 1900; x_wconf 74' lang='lat' dir='ltr'><strong>haic</strong></span> <span class='ocrx_word' id='word_1_138' title='bbox 834 1843 963 1902; x_wconf 89' lang='lat' dir='ltr'><strong>silvestre</strong></span> <span class='ocrx_word' id='word_1_139' title='bbox 977 1856 1005 1901; x_wconf 92' lang='lat' dir='ltr'><strong>et</strong></span> <span class='ocrx_word' id='word_1_140' title='bbox 1021 1857 1185 1920; x_wconf 87' lang='lat' dir='ltr'><strong>angustum,</strong></span> 
     </span>
     <span class='ocr_line' id='line_1_19' title="bbox 158 1934 1186 2010; baseline 0.001 -19"><span class='ocrx_word' id='word_1_141' title='bbox 158 1934 215 2008; x_wconf 75' lang='lat' dir='ltr'><strong>qud</strong></span> <span class='ocrx_word' id='word_1_142' title='bbox 229 1947 303 1992; x_wconf 89' lang='lat' dir='ltr'><strong>esset</strong></span> <span class='ocrx_word' id='word_1_143' title='bbox 318 1937 410 1992; x_wconf 85' lang='lat' dir='ltr'><strong>aditus</strong></span> <span class='ocrx_word' id='word_1_144' title='bbox 425 1936 460 1991; x_wconf 88' lang='lat' dir='ltr'><strong>ad</strong></span> <span class='ocrx_word' id='word_1_145' title='bbox 475 1936 591 1992; x_wconf 88' lang='lat' dir='ltr'><strong>alteram</strong></span> <span class='ocrx_word' id='word_1_146' title='bbox 612 1935 709 2010; x_wconf 84' lang='lat' dir='ltr'><strong>oppidi</strong></span> <span class='ocrx_word' id='word_1_147' title='bbox 723 1946 849 2008; x_wconf 88' lang='lat' dir='ltr'><strong>partem:</strong></span> <span class='ocrx_word' id='word_1_148' title='bbox 872 1935 940 1992; x_wconf 94' lang='lat' dir='ltr'><strong>huic</strong></span> <span class='ocrx_word' id='word_1_149' title='bbox 955 1935 1020 1992; x_wconf 91' lang='lat' dir='ltr'><strong>loco</strong></span> <span class='ocrx_word' id='word_1_150' title='bbox 1034 1936 1186 1992; x_wconf 88' lang='lat' dir='ltr'><strong>vehemen-</strong></span> 
     </span>
     <span class='ocr_line' id='line_1_20' title="bbox 156 2025 1185 2102; baseline 0 -20"><span class='ocrx_word' id='word_1_151' title='bbox 156 2036 200 2082; x_wconf 86' lang='lat' dir='ltr'><strong>ter</strong></span> <span class='ocrx_word' id='word_1_152' title='bbox 212 2026 274 2082; x_wconf 87' lang='lat' dir='ltr'><strong>illos</strong></span> <span class='ocrx_word' id='word_1_153' title='bbox 288 2027 398 2096; x_wconf 86' lang='lat' dir='ltr'><strong>timere,</strong></span> <span class='ocrx_word' id='word_1_154' title='bbox 414 2045 468 2083; x_wconf 93' lang='lat' dir='ltr'><strong>nec</strong></span> <span class='ocrx_word' id='word_1_155' title='bbox 480 2026 539 2102; x_wconf 87' lang='lat' dir='ltr'><strong>jam</strong></span> <span class='ocrx_word' id='word_1_156' title='bbox 554 2027 634 2082; x_wconf 89' lang='lat' dir='ltr'><strong>aliter</strong></span> <span class='ocrx_word' id='word_1_157' title='bbox 648 2025 764 2096; x_wconf 87' lang='lat' dir='ltr'><strong>sentire,</strong></span> <span class='ocrx_word' id='word_1_158' title='bbox 775 2045 833 2082; x_wconf 94' lang='lat' dir='ltr'><strong>uno</strong></span> <span class='ocrx_word' id='word_1_159' title='bbox 844 2026 917 2082; x_wconf 92' lang='lat' dir='ltr'><strong>colle</strong></span> <span class='ocrx_word' id='word_1_160' title='bbox 933 2027 967 2081; x_wconf 92' lang='lat' dir='ltr'><strong>ab</strong></span> <span class='ocrx_word' id='word_1_161' title='bbox 982 2025 1124 2082; x_wconf 87' lang='lat' dir='ltr'><strong>Romanis</strong></span> <span class='ocrx_word' id='word_1_162' title='bbox 1138 2045 1185 2082; x_wconf 92' lang='lat' dir='ltr'><strong>oc-</strong></span> 
     </span>
     <span class='ocr_line' id='line_1_21' title="bbox 158 2117 1184 2190; baseline 0.002 -20"><span class='ocrx_word' id='word_1_163' title='bbox 158 2126 272 2188; x_wconf 87' lang='lat' dir='ltr'><strong>cupato,</strong></span> <span class='ocrx_word' id='word_1_164' title='bbox 296 2117 321 2172; x_wconf 90' lang='lat' dir='ltr'><strong>si</strong></span> <span class='ocrx_word' id='word_1_165' title='bbox 349 2117 468 2174; x_wconf 83' lang='lat' dir='ltr'><strong>alterum</strong></span> <span class='ocrx_word' id='word_1_166' title='bbox 490 2117 659 2186; x_wconf 89' lang='lat' dir='ltr'><strong>amisissent,</strong></span> <span class='ocrx_word' id='word_1_167' title='bbox 681 2117 750 2190; x_wconf 90' lang='lat' dir='ltr'><strong>quin</strong></span> <span class='ocrx_word' id='word_1_168' title='bbox 769 2135 851 2190; x_wconf 76' lang='lat' dir='ltr'><strong>pane</strong></span> <span class='ocrx_word' id='word_1_169' title='bbox 872 2117 1078 2172; x_wconf 87' lang='lat' dir='ltr'><strong>circumvallati</strong></span> <span class='ocrx_word' id='word_1_170' title='bbox 1101 2129 1184 2190; x_wconf 89' lang='lat' dir='ltr'><strong>atque</strong></span> 
     </span>
     <span class='ocr_line' id='line_1_22' title="bbox 157 2205 1184 2280; baseline 0 -18"><span class='ocrx_word' id='word_1_171' title='bbox 157 2206 235 2262; x_wconf 83' lang='lat' dir='ltr'><strong>omni</strong></span> <span class='ocrx_word' id='word_1_172' title='bbox 250 2205 328 2262; x_wconf 87' lang='lat' dir='ltr'><strong>exitu</strong></span> <span class='ocrx_word' id='word_1_173' title='bbox 342 2217 371 2264; x_wconf 89' lang='lat' dir='ltr'><strong>et</strong></span> <span class='ocrx_word' id='word_1_174' title='bbox 391 2208 576 2280; x_wconf 80' lang='lat' dir='ltr'><strong>pabulatione</strong></span> <span class='ocrx_word' id='word_1_175' title='bbox 597 2207 745 2264; x_wconf 86' lang='lat' dir='ltr'><strong>interclusi</strong></span> <span class='ocrx_word' id='word_1_176' title='bbox 767 2207 947 2265; x_wconf 88' lang='lat' dir='ltr'><strong>viderentur:</strong></span> <span class='ocrx_word' id='word_1_177' title='bbox 970 2207 1005 2262; x_wconf 90' lang='lat' dir='ltr'><strong>ad</strong></span> <span class='ocrx_word' id='word_1_178' title='bbox 1026 2207 1103 2263; x_wconf 91' lang='lat' dir='ltr'><strong>hunc</strong></span> <span class='ocrx_word' id='word_1_179' title='bbox 1125 2227 1184 2262; x_wconf 88' lang='lat' dir='ltr'><strong>mu-</strong></span> 
     </span>
     <span class='ocr_line' id='line_1_23' title="bbox 157 2296 952 2372; baseline 0.001 -20"><span class='ocrx_word' id='word_1_180' title='bbox 157 2296 294 2352; x_wconf 90' lang='lat' dir='ltr'><strong>niendum</strong></span> <span class='ocrx_word' id='word_1_181' title='bbox 307 2297 404 2354; x_wconf 89' lang='lat' dir='ltr'><strong>locum</strong></span> <span class='ocrx_word' id='word_1_182' title='bbox 418 2316 516 2354; x_wconf 89' lang='lat' dir='ltr'><strong>omnes</strong></span> <span class='ocrx_word' id='word_1_183' title='bbox 532 2317 548 2354; x_wconf 89' lang='lat' dir='ltr'><strong>a</strong></span> <span class='ocrx_word' id='word_1_184' title='bbox 561 2297 798 2372; x_wconf 85' lang='lat' dir='ltr'><strong>Vercingetorige</strong></span> <span class='ocrx_word' id='word_1_185' title='bbox 813 2307 952 2354; x_wconf 85' lang='lat' dir='ltr'><strong>evocatos</strong></span> 
     </span>
    </p>

    <p class='ocr_par' dir='ltr' id='par_1_6' title="bbox 154 2387 1266 3912">
     <span class='ocr_line' id='line_1_24' title="bbox 175 2387 1183 2464; baseline 0.001 -21"><span class='ocrx_word' id='word_1_186' title='bbox 175 2387 290 2444; x_wconf 87' lang='lat' dir='ltr'><strong>-XLV.</strong></span> <span class='ocrx_word' id='word_1_187' title='bbox 319 2387 384 2446; x_wconf 88' lang='lat' dir='ltr'><strong>Hac</strong></span> <span class='ocrx_word' id='word_1_188' title='bbox 412 2406 443 2444; x_wconf 88' lang='lat' dir='ltr'><strong>re</strong></span> <span class='ocrx_word' id='word_1_189' title='bbox 470 2389 597 2464; x_wconf 70' lang='lat' dir='ltr'><strong>coguitis,</strong></span> <span class='ocrx_word' id='word_1_190' title='bbox 627 2388 724 2444; x_wconf 78' lang='lat' dir='ltr'><strong>Caesar</strong></span> <span class='ocrx_word' id='word_1_191' title='bbox 751 2388 838 2444; x_wconf 87' lang='lat' dir='ltr'><strong>mittit</strong></span> <span class='ocrx_word' id='word_1_192' title='bbox 868 2389 1028 2462; x_wconf 87' lang='lat' dir='ltr'><strong>complures</strong></span> <span class='ocrx_word' id='word_1_193' title='bbox 1054 2388 1183 2461; x_wconf 89' lang='lat' dir='ltr'><strong>equitum</strong></span> 
     </span>
     <span class='ocr_line' id='line_1_25' title="bbox 157 2477 1183 2552; baseline 0 -18"><span class='ocrx_word' id='word_1_194' title='bbox 157 2488 264 2534; x_wconf 85' lang='lat' dir='ltr'><strong>turmas</strong></span> <span class='ocrx_word' id='word_1_195' title='bbox 278 2477 313 2534; x_wconf 86' lang='lat' dir='ltr'><strong>eb</strong></span> <span class='ocrx_word' id='word_1_196' title='bbox 328 2479 363 2534; x_wconf 90' lang='lat' dir='ltr'><strong>de</strong></span> <span class='ocrx_word' id='word_1_197' title='bbox 377 2478 472 2536; x_wconf 72' lang='lat' dir='ltr'><strong>media</strong></span> <span class='ocrx_word' id='word_1_198' title='bbox 492 2489 596 2536; x_wconf 89' lang='lat' dir='ltr'><strong>nocte:</strong></span> <span class='ocrx_word' id='word_1_199' title='bbox 618 2479 654 2534; x_wconf 92' lang='lat' dir='ltr'><strong>iis</strong></span> <span class='ocrx_word' id='word_1_200' title='bbox 674 2479 805 2552; x_wconf 88' lang='lat' dir='ltr'><strong>imperat,</strong></span> <span class='ocrx_word' id='word_1_201' title='bbox 820 2489 852 2534; x_wconf 94' lang='lat' dir='ltr'><strong>ut</strong></span> <span class='ocrx_word' id='word_1_202' title='bbox 872 2479 959 2552; x_wconf 87' lang='lat' dir='ltr'><strong>paulo</strong></span> <span class='ocrx_word' id='word_1_203' title='bbox 979 2477 1183 2536; x_wconf 78' lang='lat' dir='ltr'><strong>tumultuosius</strong></span> 
     </span>
     <span class='ocr_line' id='line_1_26' title="bbox 156 2569 1181 2645; baseline -0.001 -19"><span class='ocrx_word' id='word_1_204' title='bbox 156 2570 290 2626; x_wconf 83' lang='lat' dir='ltr'><strong>omnibus</strong></span> <span class='ocrx_word' id='word_1_205' title='bbox 305 2569 333 2625; x_wconf 92' lang='lat' dir='ltr'><strong>in</strong></span> <span class='ocrx_word' id='word_1_206' title='bbox 348 2569 419 2626; x_wconf 87' lang='lat' dir='ltr'><strong>locis</strong></span> <span class='ocrx_word' id='word_1_207' title='bbox 430 2581 662 2645; x_wconf 83' lang='lat' dir='ltr'><strong>pervagarentur.</strong></span> <span class='ocrx_word' id='word_1_208' title='bbox 697 2569 794 2624; x_wconf 67' lang='lat' dir='ltr'><strong>Prima</strong></span> <span class='ocrx_word' id='word_1_209' title='bbox 805 2569 871 2625; x_wconf 90' lang='lat' dir='ltr'><strong>luce</strong></span> <span class='ocrx_word' id='word_1_210' title='bbox 881 2588 1016 2644; x_wconf 86' lang='lat' dir='ltr'><strong>magnum</strong></span> <span class='ocrx_word' id='word_1_211' title='bbox 1031 2589 1181 2627; x_wconf 91' lang='lat' dir='ltr'><strong>numerum</strong></span> 
     </span>
     <span class='ocr_line' id='line_1_27' title="bbox 157 2660 1182 2737; baseline 0 -21"><span class='ocrx_word' id='word_1_212' title='bbox 157 2660 424 2737; x_wconf 84' lang='lat' dir='ltr'><strong>impedimentorum</strong></span> <span class='ocrx_word' id='word_1_213' title='bbox 440 2679 474 2716; x_wconf 86' lang='lat' dir='ltr'><strong>ex</strong></span> <span class='ocrx_word' id='word_1_214' title='bbox 488 2660 589 2716; x_wconf 86' lang='lat' dir='ltr'><strong>castris</strong></span> <span class='ocrx_word' id='word_1_215' title='bbox 604 2661 802 2732; x_wconf 86' lang='lat' dir='ltr'><strong>mulorumque</strong></span> <span class='ocrx_word' id='word_1_216' title='bbox 820 2660 950 2734; x_wconf 87' lang='lat' dir='ltr'><strong>produci,</strong></span> <span class='ocrx_word' id='word_1_217' title='bbox 965 2679 1038 2732; x_wconf 89' lang='lat' dir='ltr'><strong>eque</strong></span> <span class='ocrx_word' id='word_1_218' title='bbox 1059 2660 1093 2716; x_wconf 88' lang='lat' dir='ltr'><strong>iis</strong></span> <span class='ocrx_word' id='word_1_219' title='bbox 1113 2673 1182 2716; x_wconf 86' lang='lat' dir='ltr'><strong>stra·</strong></span> 
     </span>
     <span class='ocr_line' id='line_1_28' title="bbox 157 2749 1181 2824; baseline 0 -18"><span class='ocrx_word' id='word_1_220' title='bbox 157 2762 253 2807; x_wconf 88' lang='lat' dir='ltr'><strong>menta</strong></span> <span class='ocrx_word' id='word_1_221' title='bbox 267 2751 387 2821; x_wconf 86' lang='lat' dir='ltr'><strong>detrahi,</strong></span> <span class='ocrx_word' id='word_1_222' title='bbox 404 2752 601 2824; x_wconf 87' lang='lat' dir='ltr'><strong>mulionesque</strong></span> <span class='ocrx_word' id='word_1_223' title='bbox 616 2769 682 2806; x_wconf 94' lang='lat' dir='ltr'><strong>cum</strong></span> <span class='ocrx_word' id='word_1_224' title='bbox 697 2749 866 2820; x_wconf 64' lang='lat' dir='ltr'><strong>cassidibus</strong></span> <span class='ocrx_word' id='word_1_225' title='bbox 882 2750 1009 2822; x_wconf 90' lang='lat' dir='ltr'><strong>equitum</strong></span> <span class='ocrx_word' id='word_1_226' title='bbox 1030 2750 1126 2824; x_wconf 88' lang='lat' dir='ltr'><strong>specie</strong></span> <span class='ocrx_word' id='word_1_227' title='bbox 1147 2769 1181 2806; x_wconf 92' lang='lat' dir='ltr'><strong>ac</strong></span> 
     </span>
     <span class='ocr_line' id='line_1_29' title="bbox 156 2839 1181 2914; baseline 0.002 -20"><span class='ocrx_word' id='word_1_228' title='bbox 156 2839 347 2910; x_wconf 87' lang='lat' dir='ltr'><strong>simulatione,</strong></span> <span class='ocrx_word' id='word_1_229' title='bbox 376 2842 499 2898; x_wconf 86' lang='lat' dir='ltr'><strong>collibus</strong></span> <span class='ocrx_word' id='word_1_230' title='bbox 531 2841 707 2897; x_wconf 91' lang='lat' dir='ltr'><strong>circumvehi</strong></span> <span class='ocrx_word' id='word_1_231' title='bbox 738 2840 827 2914; x_wconf 91' lang='lat' dir='ltr'><strong>jubet.</strong></span> <span class='ocrx_word' id='word_1_232' title='bbox 884 2839 938 2896; x_wconf 91' lang='lat' dir='ltr'><strong>His</strong></span> <span class='ocrx_word' id='word_1_233' title='bbox 968 2858 1076 2913; x_wconf 88' lang='lat' dir='ltr'><strong>paucos</strong></span> <span class='ocrx_word' id='word_1_234' title='bbox 1104 2841 1181 2896; x_wconf 86' lang='lat' dir='ltr'><strong>addit</strong></span> 
     </span>
     <span class='ocr_line' id='line_1_30' title="bbox 156 2929 1181 3006; baseline 0.005 -23"><span class='ocrx_word' id='word_1_235' title='bbox 156 2931 276 3001; x_wconf 86' lang='lat' dir='ltr'><strong>equites,</strong></span> <span class='ocrx_word' id='word_1_236' title='bbox 305 2931 353 3002; x_wconf 92' lang='lat' dir='ltr'><strong>qui</strong></span> <span class='ocrx_word' id='word_1_237' title='bbox 380 2930 466 2988; x_wconf 77' lang='lat' dir='ltr'><strong>latius</strong></span> <span class='ocrx_word' id='word_1_238' title='bbox 493 2931 691 2990; x_wconf 88' lang='lat' dir='ltr'><strong>ostentationis</strong></span> <span class='ocrx_word' id='word_1_239' title='bbox 725 2930 813 2986; x_wconf 70' lang='lat' dir='ltr'><strong>eausa</strong></span> <span class='ocrx_word' id='word_1_240' title='bbox 847 2941 1025 3006; x_wconf 84' lang='lat' dir='ltr'><strong>vagarentur.</strong></span> <span class='ocrx_word' id='word_1_241' title='bbox 1080 2929 1181 3006; x_wconf 89' lang='lat' dir='ltr'><strong>Longo</strong></span> 
     </span>
     <span class='ocr_line' id='line_1_31' title="bbox 156 3019 1181 3096; baseline 0.004 -22"><span class='ocrx_word' id='word_1_242' title='bbox 156 3019 280 3075; x_wconf 90' lang='lat' dir='ltr'><strong>circuitu</strong></span> <span class='ocrx_word' id='word_1_243' title='bbox 295 3020 408 3076; x_wconf 87' lang='lat' dir='ltr'><strong>easdem</strong></span> <span class='ocrx_word' id='word_1_244' title='bbox 429 3041 528 3078; x_wconf 88' lang='lat' dir='ltr'><strong>omnes</strong></span> <span class='ocrx_word' id='word_1_245' title='bbox 545 3022 627 3096; x_wconf 88' lang='lat' dir='ltr'><strong>jubet</strong></span> <span class='ocrx_word' id='word_1_246' title='bbox 646 3032 742 3095; x_wconf 89' lang='lat' dir='ltr'><strong>petere</strong></span> <span class='ocrx_word' id='word_1_247' title='bbox 763 3021 902 3096; x_wconf 85' lang='lat' dir='ltr'><strong>regiones.</strong></span> <span class='ocrx_word' id='word_1_248' title='bbox 945 3020 1018 3076; x_wconf 84' lang='lat' dir='ltr'><strong>Haec</strong></span> <span class='ocrx_word' id='word_1_249' title='bbox 1032 3021 1131 3095; x_wconf 91' lang='lat' dir='ltr'><strong>procul</strong></span> <span class='ocrx_word' id='word_1_250' title='bbox 1145 3041 1181 3078; x_wconf 87' lang='lat' dir='ltr'><strong>ex</strong></span> 
     </span>
     <span class='ocr_line' id='line_1_32' title="bbox 156 3110 1178 3186; baseline 0.004 -22"><span class='ocrx_word' id='word_1_251' title='bbox 156 3110 261 3184; x_wconf 90' lang='lat' dir='ltr'><strong>oppido</strong></span> <span class='ocrx_word' id='word_1_252' title='bbox 284 3111 463 3182; x_wconf 87' lang='lat' dir='ltr'><strong>videbantur,</strong></span> <span class='ocrx_word' id='word_1_253' title='bbox 486 3124 517 3170; x_wconf 91' lang='lat' dir='ltr'><strong>ut</strong></span> <span class='ocrx_word' id='word_1_254' title='bbox 539 3123 599 3170; x_wconf 90' lang='lat' dir='ltr'><strong>erat</strong></span> <span class='ocrx_word' id='word_1_255' title='bbox 627 3111 809 3186; x_wconf 75' lang='lat' dir='ltr'><strong>aGergovial</strong></span> <span class='ocrx_word' id='word_1_256' title='bbox 833 3111 984 3186; x_wconf 91' lang='lat' dir='ltr'><strong>despectus</strong></span> <span class='ocrx_word' id='word_1_257' title='bbox 1012 3111 1042 3166; x_wconf 91' lang='lat' dir='ltr'><strong>in</strong></span> <span class='ocrx_word' id='word_1_258' title='bbox 1069 3123 1178 3181; x_wconf 88' lang='lat' dir='ltr'><strong>castra;</strong></span> 
     </span>
     <span class='ocr_line' id='line_1_33' title="bbox 156 3202 1180 3276; baseline 0.004 -22"><span class='ocrx_word' id='word_1_259' title='bbox 156 3218 249 3272; x_wconf 88' lang='lat' dir='ltr'><strong>neque</strong></span> <span class='ocrx_word' id='word_1_260' title='bbox 273 3211 353 3258; x_wconf 89' lang='lat' dir='ltr'><strong>tanto</strong></span> <span class='ocrx_word' id='word_1_261' title='bbox 373 3203 474 3276; x_wconf 84' lang='lat' dir='ltr'><strong>spatie,</strong></span> <span class='ocrx_word' id='word_1_262' title='bbox 500 3204 571 3260; x_wconf 90' lang='lat' dir='ltr'><strong>certi</strong></span> <span class='ocrx_word' id='word_1_263' title='bbox 596 3203 664 3276; x_wconf 90' lang='lat' dir='ltr'><strong>quid</strong></span> <span class='ocrx_word' id='word_1_264' title='bbox 686 3213 770 3271; x_wconf 89' lang='lat' dir='ltr'><strong>esset,</strong></span> <span class='ocrx_word' id='word_1_265' title='bbox 793 3202 933 3275; x_wconf 83' lang='lat' dir='ltr'><strong>explorari</strong></span> <span class='ocrx_word' id='word_1_266' title='bbox 959 3211 1078 3276; x_wconf 88' lang='lat' dir='ltr'><strong>poterat.</strong></span> <span class='ocrx_word' id='word_1_267' title='bbox 1105 3202 1180 3258; x_wconf 89' lang='lat' dir='ltr'><strong>·Le·</strong></span> 
     </span>
     <span class='ocr_line' id='line_1_34' title="bbox 156 3291 1266 3368; baseline 0.003 -23"><span class='ocrx_word' id='word_1_268' title='bbox 156 3291 271 3364; x_wconf 83' lang='lat' dir='ltr'><strong>gionem</strong></span> <span class='ocrx_word' id='word_1_269' title='bbox 299 3311 384 3348; x_wconf 84' lang='lat' dir='ltr'><strong>unam</strong></span> <span class='ocrx_word' id='word_1_270' title='bbox 413 3293 513 3348; x_wconf 91' lang='lat' dir='ltr'><strong>eodem</strong></span> <span class='ocrx_word' id='word_1_271' title='bbox 537 3293 612 3368; x_wconf 68' lang='lat' dir='ltr'><strong>&#39;jugo</strong></span> <span class='ocrx_word' id='word_1_272' title='bbox 642 3293 737 3361; x_wconf 84' lang='lat' dir='ltr'><strong>mittit,</strong></span> <span class='ocrx_word' id='word_1_273' title='bbox 765 3303 793 3348; x_wconf 91' lang='lat' dir='ltr'><strong>et</strong></span> <span class='ocrx_word' id='word_1_274' title='bbox 819 3291 905 3366; x_wconf 80' lang='lat' dir='ltr'><strong>paulb</strong></span> <span class='ocrx_word' id='word_1_275' title='bbox 932 3311 1110 3368; x_wconf 83' lang='lat' dir='ltr'><strong>progressam</strong></span> <span class='ocrx_word' id='word_1_276' title='bbox 1138 3293 1179 3350; x_wconf 92' lang='lat' dir='ltr'><strong>in·</strong></span> <span class='ocrx_word' id='word_1_277' title='bbox 1262 3291 1266 3302; x_wconf 82' lang='grc'><strong>”</strong></span> 
     </span>
     <span class='ocr_line' id='line_1_35' title="bbox 157 3381 1178 3458; baseline 0.003 -21"><span class='ocrx_word' id='word_1_278' title='bbox 157 3381 258 3438; x_wconf 83' lang='lat' dir='ltr'><strong>feriore</strong></span> <span class='ocrx_word' id='word_1_279' title='bbox 286 3383 433 3439; x_wconf 89' lang='lat' dir='ltr'><strong>constituit</strong></span> <span class='ocrx_word' id='word_1_280' title='bbox 462 3383 537 3452; x_wconf 89' lang='lat' dir='ltr'><strong>loco,</strong></span> <span class='ocrx_word' id='word_1_281' title='bbox 564 3384 699 3456; x_wconf 88' lang='lat' dir='ltr'><strong>silvisque</strong></span> <span class='ocrx_word' id='word_1_282' title='bbox 732 3383 866 3440; x_wconf 89' lang='lat' dir='ltr'><strong>occultat.</strong></span> <span class='ocrx_word' id='word_1_283' title='bbox 922 3383 1054 3458; x_wconf 88' lang='lat' dir='ltr'><strong>Augetur</strong></span> <span class='ocrx_word' id='word_1_284' title='bbox 1088 3383 1178 3440; x_wconf 90' lang='lat' dir='ltr'><strong>Gallis</strong></span> 
     </span>
     <span class='ocr_line' id='line_1_36' title="bbox 156 3472 1176 3548; baseline 0.003 -20"><span class='ocrx_word' id='word_1_285' title='bbox 156 3472 289 3546; x_wconf 90' lang='lat' dir='ltr'><strong>suspicio,</strong></span> <span class='ocrx_word' id='word_1_286' title='bbox 306 3483 389 3544; x_wconf 90' lang='lat' dir='ltr'><strong>atque</strong></span> <span class='ocrx_word' id='word_1_287' title='bbox 404 3491 502 3530; x_wconf 89' lang='lat' dir='ltr'><strong>omues</strong></span> <span class='ocrx_word' id='word_1_288' title='bbox 516 3472 565 3530; x_wconf 84' lang='lat' dir='ltr'><strong>illb</strong></span> <span class='ocrx_word' id='word_1_289' title='bbox 581 3475 616 3530; x_wconf 89' lang='lat' dir='ltr'><strong>ad</strong></span> <span class='ocrx_word' id='word_1_290' title='bbox 631 3474 819 3530; x_wconf 89' lang='lat' dir='ltr'><strong>munitionem</strong></span> <span class='ocrx_word' id='word_1_291' title='bbox 834 3473 925 3548; x_wconf 88' lang='lat' dir='ltr'><strong>copiae</strong></span> <span class='ocrx_word' id='word_1_292' title='bbox 945 3473 1176 3531; x_wconf 90' lang='lat' dir='ltr'><strong>transducuntur.</strong></span> 
     </span>
     <span class='ocr_line' id='line_1_37' title="bbox 156 3563 1178 3640; baseline 0.001 -20"><span class='ocrx_word' id='word_1_293' title='bbox 156 3564 258 3620; x_wconf 90' lang='lat' dir='ltr'><strong>Vacua</strong></span> <span class='ocrx_word' id='word_1_294' title='bbox 285 3573 378 3619; x_wconf 86' lang='lat' dir='ltr'><strong>castra</strong></span> <span class='ocrx_word' id='word_1_295' title='bbox 405 3563 528 3621; x_wconf 91' lang='lat' dir='ltr'><strong>hostium</strong></span> <span class='ocrx_word' id='word_1_296' title='bbox 556 3564 653 3620; x_wconf 74' lang='lat' dir='ltr'><strong>Caesar</strong></span> <span class='ocrx_word' id='word_1_297' title='bbox 681 3565 872 3639; x_wconf 88' lang='lat' dir='ltr'><strong>conspicatus,</strong></span> <span class='ocrx_word' id='word_1_298' title='bbox 901 3564 984 3621; x_wconf 91' lang='lat' dir='ltr'><strong>tectis</strong></span> <span class='ocrx_word' id='word_1_299' title='bbox 1018 3563 1178 3640; x_wconf 86' lang='lat' dir='ltr'><strong>insignibus</strong></span> 
     </span>
     <span class='ocr_line' id='line_1_38' title="bbox 154 3654 1176 3730; baseline 0.002 -20"><span class='ocrx_word' id='word_1_300' title='bbox 154 3673 281 3724; x_wconf 87' lang='lat' dir='ltr'><strong>suorum,</strong></span> <span class='ocrx_word' id='word_1_301' title='bbox 306 3654 514 3726; x_wconf 88' lang='lat' dir='ltr'><strong>occultatisque</strong></span> <span class='ocrx_word' id='word_1_302' title='bbox 537 3654 627 3730; x_wconf 87' lang='lat' dir='ltr'><strong>signis</strong></span> <span class='ocrx_word' id='word_1_303' title='bbox 651 3655 830 3724; x_wconf 88' lang='lat' dir='ltr'><strong>militaribus,</strong></span> <span class='ocrx_word' id='word_1_304' title='bbox 852 3673 931 3712; x_wconf 89' lang='lat' dir='ltr'><strong>raros</strong></span> <span class='ocrx_word' id='word_1_305' title='bbox 950 3654 1065 3724; x_wconf 89' lang='lat' dir='ltr'><strong>milites,</strong></span> <span class='ocrx_word' id='word_1_306' title='bbox 1086 3673 1123 3712; x_wconf 90' lang='lat' dir='ltr'><strong>ne</strong></span> <span class='ocrx_word' id='word_1_307' title='bbox 1143 3674 1176 3712; x_wconf 84' lang='lat' dir='ltr'><strong>ex</strong></span> 
     </span>
     <span class='ocr_line' id='line_1_39' title="bbox 155 3745 1178 3820; baseline 0.001 -19"><span class='ocrx_word' id='word_1_308' title='bbox 155 3745 260 3819; x_wconf 93' lang='lat' dir='ltr'><strong>oppido</strong></span> <span class='ocrx_word' id='word_1_309' title='bbox 274 3745 573 3816; x_wconf 88' lang='lat' dir='ltr'><strong>animadverterentur,</strong></span> <span class='ocrx_word' id='word_1_310' title='bbox 588 3763 623 3802; x_wconf 85' lang='lat' dir='ltr'><strong>ex</strong></span> <span class='ocrx_word' id='word_1_311' title='bbox 637 3745 791 3820; x_wconf 87' lang='lat' dir='ltr'><strong>majoribus</strong></span> <span class='ocrx_word' id='word_1_312' title='bbox 805 3745 906 3802; x_wconf 88' lang='lat' dir='ltr'><strong>castris</strong></span> <span class='ocrx_word' id='word_1_313' title='bbox 921 3746 950 3802; x_wconf 93' lang='lat' dir='ltr'><strong>in</strong></span> <span class='ocrx_word' id='word_1_314' title='bbox 965 3745 1076 3802; x_wconf 89' lang='lat' dir='ltr'><strong>minora</strong></span> <span class='ocrx_word' id='word_1_315' title='bbox 1089 3756 1178 3803; x_wconf 91' lang='lat' dir='ltr'><strong>trans·</strong></span> 
     </span>
     <span class='ocr_line' id='line_1_40' title="bbox 155 3835 1176 3912; baseline 0.007 -23"><span class='ocrx_word' id='word_1_316' title='bbox 155 3835 245 3904; x_wconf 86' lang='lat' dir='ltr'><strong>ducit,</strong></span> <span class='ocrx_word' id='word_1_317' title='bbox 272 3836 439 3912; x_wconf 83' lang='lat' dir='ltr'><strong>legatisque,</strong></span> <span class='ocrx_word' id='word_1_318' title='bbox 466 3853 538 3908; x_wconf 81' lang='lat' dir='ltr'><strong>quos</strong></span> <span class='ocrx_word' id='word_1_319' title='bbox 568 3835 690 3910; x_wconf 83' lang='lat' dir='ltr'><strong>siugulis</strong></span> <span class='ocrx_word' id='word_1_320' title='bbox 716 3835 878 3912; x_wconf 87' lang='lat' dir='ltr'><strong>legionibus</strong></span> <span class='ocrx_word' id='word_1_321' title='bbox 904 3836 1081 3912; x_wconf 69' lang='lat' dir='ltr'><strong>praefecerat,</strong></span> <span class='ocrx_word' id='word_1_322' title='bbox 1096 3837 1176 3912; x_wconf 85' lang='lat' dir='ltr'><strong>¹quid</strong></span> 
     </span>
    </p>
   </div>
   <div class='ocr_carea' id='block_1_5' title="bbox 0 0 1288 4270">
    <p class='ocr_par' dir='ltr' id='par_1_7' title="bbox 0 0 1288 4270">
     <span class='ocr_line' id='line_1_41' title="bbox 0 0 1288 4270; baseline 0 1"><span class='ocrx_word' id='word_1_323' title='bbox 0 0 1288 4270; x_wconf 95' lang='lat' dir='ltr'><strong> </strong></span> 
     </span>
    </p>
   </div>
  </div>
 </body>
</html>
