2566 4270
110 297 168 358 146
421 295 470 346 DE
492 293 609 348 BELLO
632 293 792 346 enucleo
951 295 1031 361 [Otr.
1047 295 1145 360 76,ss

108 437 221 514 imperii
234 437 363 496 traditur.
406 438 462 496 His
483 439 588 497 delecti
608 457 644 496 ex
665 437 829 496 civitatibus
850 435 1057 509 attribuuntur,
1072 453 1145 513 quo·

108 548 171 586 rum
185 529 306 586 consilio
321 531 426 586 bellum
441 532 694 588 administraretur.
736 531 846 586 Omnes
858 529 969 586 alacres
982 541 1012 586 et
1024 530 1143 588 fiduciae

106 621 185 696 pleni
200 620 234 676 ad
249 621 376 678 Alesiam
391 622 628 696 proficiscuntur:
650 639 744 694 neque
758 631 819 677 erat
832 619 963 676 omnium
976 621 1141 694 quisquam,

106 711 156 784 qui
171 724 317 785 aspectum
331 711 417 769 modd
432 722 517 768 tanta
532 712 724 768 multitudinis
742 710 877 768 sustiueri
891 728 976 784 posse
991 710 1142 768 arbitrare-

106 811 168 871 tur;
202 804 359 877 presertim
388 803 506 876 ancipiti
539 803 650 877 praelio,
678 820 767 875 quum
793 819 829 858 ex
856 800 963 875 oppido
988 799 1141 874 eruptione

106 906 292 969 pugnaretur,
314 892 383 950 foris
409 904 495 949 tantas
522 893 614 968 copim
641 893 786 966 equitatirs
812 890 1014 966 peditatusque
1041 908 1142 948 cerne·

108 984 215 1040 retitur.
1062 981 1069 991 ’

148 1072 304 1131 LXXVII.
347 1074 388 1132 At
416 1073 446 1144 ii,
471 1074 521 1148 qui
545 1073 652 1130 Alesioe
675 1072 890 1145 obsidebantur,
912 1077 1058 1150 preterita
1080 1077 1139 1149 die,

109 1167 166 1240 qud
180 1185 296 1222 suorum
318 1167 424 1222 auxilia
444 1175 687 1241 exspectaverant,
703 1176 873 1239 consumpto
890 1168 970 1223 omni
984 1167 1139 1240 frumento,

109 1256 203 1326 inscii,
219 1257 287 1330 quid
309 1257 338 1312 in
359 1257 462 1313 AEduis
482 1267 639 1333 gereretur,
654 1256 781 1312 concilio
801 1254 913 1324 coacto,
929 1257 965 1314 de
986 1259 1065 1316 exitu
1086 1257 1141 1316 for·

109 1360 242 1404 tunarum
256 1365 372 1402 suarum
388 1348 598 1404 consultabant.
641 1346 727 1421 Apud
744 1365 815 1420 quos
829 1347 915 1404 variis
928 1348 1015 1405 dictis
1027 1360 1142 1408 senten·

108 1437 167 1507 tiis,
191 1455 312 1511 quarum
339 1455 404 1512 pars
432 1437 618 1506 deditionem,
645 1456 721 1512 pars,
749 1438 818 1494 dum
845 1438 919 1496 vires
946 1450 1140 1514 suppeterent,

108 1529 287 1602 eruptionem
309 1529 473 1598 censebant,
490 1547 547 1584 non
567 1528 768 1602 pretereunda
788 1529 899 1586 videtur
920 1530 1012 1587 oratio
1027 1530 1141 1606 Critog-

110 1618 180 1689 nati,
194 1631 308 1694 propter
329 1619 390 1694 ejus
410 1619 584 1694 singularem
604 1638 638 1675 ac
656 1619 797 1676 nefariam
817 1619 1025 1678 crudelitatem.
1068 1619 1141 1691 Hic,

110 1729 223 1767 summo
242 1711 270 1766 in
286 1710 424 1766 Arvernis
444 1720 523 1766 ortus
544 1711 618 1780 loco,
635 1721 664 1768 et
685 1727 797 1787 magnae
818 1711 933 1768 habitus
953 1711 1140 1782 auctoritatis,

111 1802 241 1872 “nihii’'
264 1801 366 1876 inquit,
389 1801 454 1857 “de
474 1819 573 1857 eorum
595 1801 738 1858 sententiis
761 1801 892 1858 dicturus
919 1821 992 1872 sum,
1014 1802 1064 1876 qui
1083 1812 1142 1858 tur·

109 1893 256 1967 pissimum
282 1893 446 1950 servitutem
474 1892 628 1948 deditionis
648 1893 766 1949 nomine
787 1893 945 1967 appellant3
972 1910 1068 1966 neque
1089 1892 1141 1950 hos

110 1983 257 2039 habendos
278 1984 385 2068 civiqm
405 1983 479 2053 loco,
496 2001 589 2057 neque
604 1983 640 2039 ad
654 1983 811 2040 concilium
833 1983 1011 2040 adhibendos
1025 1985 1139 2041 censeo.

111 2072 186 2129 Cum
214 2073 250 2130 iis
270 2074 340 2130 mihi
367 2093 413 2130 res
439 2075 485 2144 sit,
510 2073 559 2148 qui
586 2074 765 2149 eruptionem
792 2075 931 2149 probant:
961 2093 1084 2150 quorum
1109 2075 1140 2134 in

111 2163 242 2233 consilio,
261 2164 390 2220 omniurn
411 2167 535 2222 vestrum
556 2183 709 2236 consensu,
730 2165 857 2240 pristinae
878 2167 1004 2224 residere
1027 2167 1141 2228 vinctis

111 2255 250 2310 memoria
263 2254 383 2310 videtur.
425 2255 526 2311 Animi
541 2265 584 2313 est
598 2256 653 2312 ista
666 2257 810 2328 mollities,
825 2277 884 2314 uon
899 2258 998 2328 virtus,
1013 2258 1140 2333 inopiam
1232 2317 1241 2337 ⁸

110 2345 254 2420 paulisper
270 2345 342 2402 serre
357 2364 413 2402 non
428 2363 519 2421 posse.
560 2346 623 2408 Qui
639 2365 670 2404 se
684 2348 759 2404 ultro
775 2349 860 2405 morti
881 2349 1010 2418 offerant,
1026 2347 1140 2406 facilius
1221 2391 1225 2399 -

110 2437 300 2511 reperiuntur,
321 2435 407 2510 quam
429 2437 477 2511 qui
498 2437 627 2494 dolorem
650 2439 791 2514 patienter
819 2439 919 2496 ferant.
961 2439 1058 2513 Atque
1084 2457 1141 2515 ego

11 2523 13 2598 ῗ
111 2528 187 2585 banc
214 2528 384 2585 sententiam
411 2528 572 2603 probarem,
589 2530 671 2604 (nam
700 2530 775 2604 apud
803 2547 849 2586 me
876 2540 988 2586 tantum
1015 2530 1140 2606 dignitas

11 2635 13 2670 ῑ
110 2623 227 2699 potest‚)
237 2620 259 2678 si
272 2621 379 2678 nullam
390 2631 579 2695 preterquam
588 2621 653 2676 vitm
662 2631 764 2677 nostrae
773 2621 914 2696 jacturam
923 2621 985 2678 fieri
996 2620 1138 2690 viderem;

110 2713 161 2768 sed
176 2712 205 2768 in
220 2713 342 2770 consilio
362 2711 503 2787 capiendo
523 2729 637 2768 omnem
652 2711 776 2768 Galliam
790 2711 988 2785 respiciamus,
1003 2729 1088 2785 quam
1105 2710 1139 2767 ad

111 2815 240 2858 nostrum
275 2804 412 2860 auxilium
446 2802 661 2859 concitavimus.
710 2801 803 2871 Quid,
833 2802 981 2858 homiuum
1014 2801 1141 2858 millibus

112 2892 230 2948 LXXX
264 2911 323 2949 uno
356 2895 421 2950 loco
455 2893 622 2962 interfectis,
656 2893 825 2967 propinquis
859 2892 1140 2968 consanguineisque

111 2981 215 3038 nostris
243 2982 330 3038 animi
358 2983 418 3039 fore
446 2983 623 3052 existimatis,
638 2983 662 3039 si
689 3001 771 3058 paene
799 2983 828 3040 in
857 2983 925 3058 ipsis
953 2983 1141 3040 cadaveribus

16 3121 22 3128 .
111 3072 211 3148 pretio
222 3071 368 3128 decertare
379 3076 538 3150 cogenturl
572 3071 672 3131 Nolite
683 3074 735 3131 hos
749 3085 842 3131 vestro
856 3074 963 3130 auxilio
972 3073 1140 3148 exspoliare,

112 3164 160 3239 qui
188 3175 287 3220 vestrae
315 3164 414 3221 salutis
441 3167 529 3224 causti
556 3185 640 3222 suum
665 3165 827 3241 periculum
858 3165 1049 3241 neglexerint3
1083 3179 1141 3220 neu

111 3254 232 3311 stultitiis
254 3273 287 3310 ac
309 3256 468 3312 temeritate
495 3257 598 3327 vestre,
614 3267 662 3314 aut
689 3256 885 3313 imbecillitate
913 3255 1010 3324 animi,
1024 3271 1141 3311 onmem

111 3345 234 3401 Galliam
254 3357 434 3419 prosternere
448 3358 476 3404 et
489 3359 633 3422 perpetuas
653 3346 782 3405 servituti
804 3346 946 3404 addicere.
987 3345 1047 3414 An,
1062 3342 1141 3418 qudd

113 3436 147 3494 ad
162 3435 238 3492 diem
259 3455 317 3492 non
338 3448 486 3506 venerunt,
502 3438 537 3493 de
558 3456 657 3494 eorum
672 3438 728 3495 fide
743 3437 962 3510 constantiique
982 3434 1140 3492 dubitatisl

110 3527 193 3590 Quid
202 3528 290 3603 ergo?
332 3527 481 3583 Romanos
493 3528 521 3584 in
533 3528 588 3584 illis
600 3529 784 3585 ulterioribus
796 3526 1003 3584 munitionibus
1014 3523 1141 3582 animine

112 3621 199 3677 causi
214 3618 342 3694 quotidie
356 3619 483 3674 exerceri
496 3619 625 3693 putatis?
666 3619 699 3675 Si
714 3619 827 3675 illorum
846 3616 963 3673 nunciis
976 3614 1141 3672 confirmari

112 3729 169 3768 non
190 3711 317 3787 potestis,
333 3709 411 3766 omni
433 3709 510 3765 aditu
531 3721 681 3784 praesepto,
696 3709 731 3766 iis
752 3708 866 3765 utimini
886 3707 1017 3776 testibus,
1040 3723 1141 3779 appro-

111 3803 251 3876 pinquare
277 3820 375 3859 eorum
407 3800 569 3870 adventurn,
591 3800 674 3875 cujus
701 3798 743 3856 rei
770 3799 873 3856 timore
903 3795 1042 3867 exterriti,
1063 3795 1142 3853 diem

112 3901 284 3965 noctemque
304 3892 334 3948 in
354 3909 441 3964 opere
461 3901 617 3947 versantur.
657 3888 741 3948 Quid
761 3905 832 3962 ergo
850 3887 908 3944 mei
935 3885 1050 3948 consilii
1076 3884 1142 3944 eal
