2566 4270
125 302 199 366 us·
454 301 503 354 us
525 299 642 354 scano
665 299 826 354 asiarco
1001 297 1086 370 [cm
1103 301 1130 367 a,
1146 295 1171 373 a.

127 447 157 504 in
181 463 280 506 eorum
303 445 408 504 finibus
429 445 584 516 hiemabat,
611 445 716 502 adoriri
736 445 896 521 parabant:
925 443 1044 522 jamque
1070 443 1108 503 ab
1127 460 1171 504 ¹eo

126 557 184 596 non
206 536 321 614 longius
348 537 428 594 bidui
456 538 502 594 viri
531 537 658 606 aberant,
681 555 770 610 quum
791 535 864 593 duas
892 537 1006 593 venisse
1033 538 1170 612 legiones

127 629 214 686 missu
230 629 353 686 Caesaris
367 638 554 705 cognoscunt.
596 627 702 684 Positis
716 627 818 684 castris
839 647 856 683 a
876 627 1005 684 millibus
1025 647 1168 702 passuum

127 719 196 790 XV,
221 719 327 776 auxilia
347 720 557 776 Germanorum
581 729 748 792 exspectare
771 719 960 774 constituunt.
1004 718 1167 790 Labienus,

127 809 252 866 hostium
279 811 396 885 cognito
417 809 549 879 oonsilio,
573 826 690 883 sperans
714 808 875 866 temeritate
903 825 1002 865 eorum
1028 810 1090 866 sore
1116 811 1169 866 ali·

128 919 212 974 quam
225 899 381 958 dimicandi
395 899 569 968 facultatem,
581 899 714 974 prasidio
727 899 890 956 cohortium
905 899 932 956 V
947 899 1168 974 impedimentis

127 989 238 1061 relicto,
254 1008 320 1046 cum
342 989 431 1046 XXV
453 989 619 1046 cohortibus
640 1005 803 1064 magnoque
824 989 954 1064 equitatu
976 999 1079 1048 contra
1099 990 1167 1048 hos·

128 1091 185 1137 tem
199 1080 400 1155 proficiscitur,
415 1089 452 1150 et,
468 1077 500 1136 M
521 1097 657 1155 passuum
676 1079 840 1136 intermisso
858 1079 961 1155 spati0,
976 1091 1071 1138 castra
1085 1101 1166 1138 com·

128 1171 229 1228 munit.
272 1171 342 1228 Erat
363 1171 436 1228 iuter
459 1169 619 1228 Labienum
649 1179 733 1244 atque
760 1169 872 1227 hostem
900 1170 1011 1228 difficili
1038 1173 1165 1230 transitu

129 1261 235 1318 flumen
261 1263 388 1336 ripisque
407 1261 576 1336 praeruptis:
598 1259 653 1316 hoc
674 1277 768 1334 neque
788 1260 849 1336 ipse
869 1261 991 1318 trausIre
1013 1261 1042 1318 in
1065 1263 1166 1320 auimo

128 1351 260 1421 habebat,
275 1370 369 1425 neque
384 1352 479 1408 hostes
493 1352 662 1408 transituros
676 1351 865 1408 existimabat.
908 1352 1081 1428 Augebatur
1095 1373 1166 1410 aux·

129 1441 241 1498 iliorum
257 1442 384 1517 quotidie
404 1459 476 1515 spes.
519 1441 658 1516 quuitur
681 1441 711 1498 in
732 1441 856 1500 oonsilio
874 1441 982 1518 pslhm,
1004 1444 1165 1518 ‘quoniam

128 1533 266 1590 Germani
294 1533 524 1609 appropinquare
539 1533 682 1604 dicantur,
704 1549 767 1590 sese
791 1551 858 1589 suas
881 1531 1085 1608 exereitfraque
1108 1535 1166 1590 for-

130 1635 214 1682 tunas
228 1624 258 1681 in
277 1619 396 1681 dubiur'n
418 1643 476 1680 non
497 1623 712 1694 devocaturum,
727 1633 756 1680 et
775 1633 892 1698 postero
911 1623 959 1680 die
980 1623 1075 1700 prima
1094 1624 1165 1682 luce

129 1727 223 1774 castra
244 1716 405 1772 moturum?
448 1714 587 1772 Celeriter
611 1714 674 1772 haec
699 1715 735 1772 ad
756 1715 853 1772 hostes
873 1714 1052 1788 deseruntur,
1075 1726 1107 1774 ut
1129 1735 1166 1776 ex

129 1827 234 1884 magno
257 1807 405 1864 Gallorum
430 1805 574 1879 equitatirs
596 1823 718 1862 numero
744 1805 900 1862 nonnullos
925 1806 1048 1864 Gallicis
1074 1809 1166 1867 rebus

130 1899 224 1955 favere
251 1910 354 1954 natura
381 1897 510 1973 cogebat.
566 1895 712 1953 Labienus
746 1907 845 1968 noctu,
879 1898 1003 1955 tribunis
1037 1899 1166 1956 militum

129 1989 286 2063 primisque
309 1988 457 2045 ordinibus
481 1987 599 2058 coactis,
614 1987 683 2062 quid
707 1987 752 2044 sui
776 1988 813 2044 sit
834 1988 959 2058 consilii,
973 1991 1119 2064 proponit,
1135 2003 1166 2048 et

130 2079 187 2153 qab
209 2077 323 2136 facilihs
343 2079 472 2136 hostibus
492 2079 603 2136 timoris
623 2079 671 2136 det
691 2078 897 2154 suspicionem,
913 2079 1020 2156 majore
1039 2082 1165 2156 strepitu

130 2181 159 2228 et
172 2169 306 2239 tumultu,
322 2168 407 2242 quam
421 2170 519 2244 populi
534 2169 661 2226 Romani
672 2170 727 2227 fert
741 2167 931 2241 consustudo,
943 2181 1038 2227 castra
1051 2173 1164 2230 moveri

127 2261 217 2337 jubet.
260 2259 315 2316 Ηίι
342 2261 427 2316 rebus
452 2259 526 2335 sugae
553 2259 675 2317 similem
703 2261 911 2336 profectionem
939 2261 1036 2318 efficit.
1086 2262 1165 2320 Haeo

130 2350 245 2428 qudque
259 2369 309 2428 per
323 2351 514 2427 exploratores
529 2363 594 2408 aute
607 2352 713 2423 lucem,
728 2351 758 2408 in
772 2351 852 2409 tanti
865 2351 1080 2427 propinquitate
1100 2371 1165 2410 oas-

130 2455 249 2515 trorum,
265 2443 300 2500 ad
314 2443 408 2500 hostes
427 2443 601 2500 deferuntur.

170 2535 252 2594 VIII.
281 2535 338 2594 Vix
353 2553 454 2611 agmen
469 2534 655 2591 novissimum
676 2543 755 2592 extra
775 2533 951 2593 munitiones
970 2547 1163 2612 processerat,

130 2649 218 2704 quum
233 2628 319 2698 Galli,
335 2626 475 2686 cohortati
490 2625 564 2682 inter
578 2645 619 2696 se,
634 2633 689 2682 ‘ne
706 2635 847 2700 speratam
867 2626 995 2702 praedam
1016 2645 1051 2684 ex
1071 2629 1165 2686 mani-

130 2721 183 2778 bus
205 2721 396 2789 dimitterent;
418 2718 534 2794 longum
560 2735 632 2788 esse,
653 2717 811 2792 perterritis
835 2715 988 2788 Romanis,
1002 2718 1165 2776 Germano-

131 2831 194 2868 rum
223 2812 360 2868 auxilium
388 2819 571 2884 exspectare3
601 2825 696 2882 neque
723 2826 805 2864 suam
832 2807 892 2883 pati
919 2807 1102 2884 dignitatern,
1130 2819 1164 2867 ut

131 2902 218 2959 tantis
232 2901 323 2976 copiis
343 2911 401 2957 tam
422 2901 554 2975 exiguam
576 2917 702 2968 manum,
717 2898 873 2973 praesertim
896 2898 1054 2975 fugientem
1076 2910 1164 2974 atque

132 2991 308 3068 impeditam,
332 2989 435 3047 adoriri
460 3009 518 3047 uon
541 2989 701 3059 audeant;'
732 2989 839 3046 flumen
863 2989 985 3046 transire
1012 2999 1040 3047 et
1062 2989 1164 3064 iniquo

132 3086 198 3142 loco
211 3082 342 3158 proelium
358 3081 537 3139 committere
557 3099 615 3137 uon
636 3080 775 3138 dubitant.
817 3079 894 3140 Quae
918 3079 979 3137 sore
999 3079 1165 3155 suspicatus

132 3176 288 3245 Labienus,
304 3185 335 3232 ut
349 3192 448 3231 omnes
469 3174 541 3230 citra
563 3173 668 3229 flumen
691 3171 818 3241 eliceret,
833 3169 934 3227 eidem
957 3189 1027 3228 usus
1047 3171 1165 3228 simula·

132 3269 211 3327 tione
225 3266 345 3336 itineris,
359 3264 472 3341 placide
487 3263 729 3340 progrediebatur.
771 3260 861 3332 Tum,
875 3261 1030 3336 premissis
1042 3261 1164 3336 paulum

134 3357 345 3434 impedimentis
367 3367 451 3432 atque
471 3356 499 3412 in
514 3355 625 3412 tumulo
645 3353 768 3429 quodam
790 3351 957 3410 collocatis:
979 3359 998 3385 “
1009 3351 1162 3423 Habetis,”

134 3451 237 3527 inquit,
265 3457 283 3483 “
296 3448 411 3518 milites,
434 3466 520 3522 quam
540 3445 661 3522 petistis,
686 3443 870 3503 facultatem:
891 3442 1003 3501 hostem
1026 3441 1165 3518 impedito

134 3557 219 3619 atque
234 3542 333 3616 iniquo
346 3540 411 3597 loco
424 3539 545 3596 tenetis:
566 3547 698 3612 praestate
719 3536 840 3594 eandem
860 3533 945 3592 nobis
965 3533 1090 3590 ducibus
1109 3533 1165 3591 vir·

133 3649 234 3708 tutem,
260 3652 345 3708 quam
365 3649 562 3708 sepenumero
581 3627 745 3703 imperatori
764 3624 952 3702 prestitistis:
975 3624 1076 3681 adesse
1096 3641 1164 3681 eum

135 3743 163 3790 et
185 3731 247 3786 haec
271 3723 369 3784 cordm
392 3740 520 3793 eernere,
543 3719 730 3779 existimate.'’
774 3716 866 3774 Simul
887 3715 970 3791 signa
994 3714 1029 3771 ad
1053 3713 1164 3771 hostem

136 3811 263 3878 converii
286 3818 434 3889 aciemque
456 3813 541 3889 dirigi
560 3812 650 3886 jubet,
672 3819 701 3865 et
719 3808 820 3882 paucis
844 3806 946 3864 turmis
971 3803 1107 3880 presidio
1128 3803 1165 3862 ad

136 3907 341 3982 impedimenta
354 3904 489 3972 dimissis,
503 3903 629 3974 reliquos
642 3898 752 3971 equites
774 3897 809 3954 ad
826 3896 916 3954 latera
934 3892 1067 3972 disponit.
1109 3893 1165 3950 Ge·

18 4187 153 4258 A
