2578 4270
149 329 216 382 Otr.
232 327 345 392 4442]
526 325 633 377 LIBER
655 323 796 376 PRIMUS.
1137 315 1178 378 27

150 483 212 532 tum
226 492 288 531 esse
303 473 464 530 facturum:
486 471 516 528 id
530 489 560 528 se
576 470 611 526 ab
627 469 697 544 ipsis
715 487 766 544 per
788 483 886 524 eorum
906 462 1029 520 nuncios
1050 479 1177 536 comper-

151 576 211 621 tum
237 565 352 633 habere,
375 582 495 637 quorum
519 562 648 617 omniurn
676 559 797 635 gratiam
826 567 910 630 atque
938 554 1092 610 amicitiam
1116 552 1177 625 ejus

152 666 243 712 morte
263 655 403 712 redimere
421 663 524 728 posset.
565 651 657 712 Quod
678 651 701 706 si
726 649 904 722 decessisset,
920 663 954 702 ac
974 646 1093 701 liberam
1115 662 1178 717 pos-

152 748 307 804 sessionem
320 745 421 801 Gallire
436 745 489 800 sibi
503 742 675 812 tradidisset,
690 759 795 816 magno
809 758 840 796 se
854 739 932 794 illum
953 735 1071 811 praemio
1086 751 1178 790 remu-

153 847 327 905 neraturum,
339 846 377 905 et,
388 851 577 908 quaecumque
591 833 666 888 bella
679 833 739 907 geri
755 831 848 901 vellet,
860 830 922 885 sine
936 828 994 884 ullo
1008 828 1069 902 ejus
1079 825 1177 882 labore

153 939 182 983 et
195 926 323 1000 periculo
337 925 554 981 confecturum!

192 1016 285 1072 XLV.
313 1014 408 1071 Multa
422 1015 457 1070 ab
470 1009 587 1070 ¹Caesare
601 1013 631 1068 in
646 1031 710 1068 eam
725 1011 895 1067 sententiam
909 1010 1075 1078 dictasunt,
1090 1025 1178 1081 quare

153 1106 270 1181 negotio
295 1105 432 1162 desistere
459 1123 517 1160 non
540 1114 646 1178 posset,
671 1113 700 1160 et
724 1109 838 1175 ‘neque
861 1119 942 1157 suam
965 1117 1059 1172 neque
1080 1097 1177 1172 populi

153 1196 281 1254 Romani
297 1196 532 1252 consuetudinem
548 1195 617 1270 pati,
632 1193 676 1251 utl
689 1192 796 1269 optime
818 1193 934 1248 meritos
954 1191 1047 1246 socios
1068 1189 1179 1245 desere·

153 1297 214 1356 ret3
237 1305 331 1360 neque
358 1305 389 1343 se
414 1286 544 1362 judicare
565 1286 688 1342 Galliam
711 1284 807 1359 potius
831 1301 894 1340 esse
917 1281 1066 1350 Ariovisti,
1091 1279 1179 1353 quarn

152 1377 250 1452 populi
265 1377 400 1434 Romani.
442 1377 524 1433 Bello
538 1387 685 1451 superatos
698 1394 761 1432 esse
775 1375 920 1431 Arvernos
940 1383 969 1430 et
990 1372 1123 1428 Rutenos
1142 1371 1177 1426 ab

152 1468 192 1529 Q.
208 1468 300 1524 Fabio
314 1467 451 1537 Maximo,
466 1468 570 1540 quibus
590 1467 712 1542 populus
733 1467 884 1522 Romanus
905 1464 1069 1540 ignovisset,
1084 1479 1178 1535 neque

154 1557 184 1614 in
197 1558 372 1633 provinciam
386 1558 551 1632 redegisset,
563 1576 655 1630 neque
670 1557 843 1631 stipendium
856 1555 1044 1629 imposuisset.
1085 1551 1177 1614 Qudd

153 1649 178 1704 si
200 1649 427 1722 antiquissimum
454 1648 586 1720 quodque
613 1658 725 1720 tempus
752 1646 873 1720 spectari
901 1656 1052 1719 oporteret,
1079 1643 1175 1718 populi

154 1738 281 1796 Romani
300 1737 490 1814 justissimum
504 1755 566 1792 esse
581 1737 610 1791 in
624 1738 719 1792 Gallia
741 1737 910 1810 imperium:
932 1737 955 1790 si
974 1735 1115 1809 judicium
1136 1753 1179 1792 se·

154 1830 237 1886 natirs
258 1827 402 1886 observari
426 1837 577 1902 oporteret,
592 1827 711 1883 liberam
735 1827 839 1882 debere
854 1844 916 1882 esse
937 1825 1070 1895 Galliam,
1093 1843 1177 1899 quarn

155 1921 229 1977 bello
246 1921 348 1977 victam
362 1918 422 1975 suis
435 1919 548 1995 legibus
561 1918 601 1973 uti
617 1918 769 1974 voluisset.'

192 2010 300 2068 XLVI.
328 2010 406 2066 Dum
420 2010 482 2066 haec
503 2009 533 2066 in
556 2009 699 2082 colloquio
718 1993 865 2085 geruntur,
880 2007 988 2065 Caesari
1009 2007 1177 2066 nunciatum

91 2135 95 2141 ·
154 2113 197 2159 est
221 2102 330 2176 equites
344 2101 481 2158 Ariovisti
495 2096 613 2176 propius
633 2101 774 2158 tumulum
798 2101 935 2158 accedere
957 2111 986 2157 et
1010 2101 1044 2156 ad
1066 2113 1178 2156 nostros

154 2193 328 2266 adequitare,
353 2193 461 2267 lapides
485 2193 598 2267 telaque
626 2192 655 2249 in
673 2203 794 2249 nostros
819 2192 970 2267 conjicere.
1013 2192 1110 2248 Caesar
1138 2191 1178 2247 lo-

153 2283 259 2358 quendi
274 2283 359 2340 finem
374 2284 451 2354 lecit,
466 2302 553 2358 seque
568 2284 603 2340 ad
617 2304 684 2341 suos
698 2283 816 2358 recepit,
831 2285 947 2357 suisque
967 2283 1124 2358 imperavit,
1140 2299 1176 2340 ne

153 2374 229 2448 quod
244 2374 461 2430 omninotelum
485 2375 514 2430 in
536 2375 632 2432 hostes
656 2374 815 2449 rejicerent.
858 2373 935 2429 Nam
960 2374 1011 2430 etsi
1035 2374 1097 2430 sine
1118 2374 1177 2430 ullo

151 2464 281 2540 periculo
301 2464 422 2541 legionis
442 2465 560 2521 delectae
581 2483 647 2521 curn
669 2465 796 2538 equitatu
818 2465 949 2539 proelium
972 2465 1031 2520 lore
1053 2466 1175 2536 videbat,

152 2565 248 2612 tamen
275 2554 510 2612 committendum
537 2573 595 2610 non
621 2556 748 2629 putabat,
770 2565 811 2624 ut,
835 2554 925 2628 pulsis
952 2555 1090 2624 hostibus,
1118 2555 1177 2612 dici

151 2647 248 2721 posset
271 2663 321 2702 eos
336 2646 371 2700 ab
385 2662 479 2719 seper
493 2643 579 2701 fidem
594 2645 622 2700 in
638 2645 782 2718 colloquio
803 2645 1021 2700 circumventos.
1064 2643 1178 2703 Postea·

153 2755 238 2810 quarn
253 2736 282 2792 in
296 2735 398 2812 vulgus
413 2735 533 2791 militum
548 2735 653 2792 elatum
668 2746 720 2806 est,
735 2735 791 2809 qud
808 2735 969 2810 arrogantie
985 2735 1012 2791 in
1034 2736 1179 2810 colloquio

153 2827 316 2884 Ariovistus
329 2846 397 2883 usus
410 2826 487 2882 omni
502 2826 596 2883 Gallia
610 2826 753 2883 Romanis
768 2826 968 2896 interdixisset,
984 2827 1177 2903 impetumque

153 2917 183 2975 in
197 2928 308 2974 nostros
320 2918 379 2992 ejus
394 2918 503 2996 equites
522 2918 665 2988 fecissent,
681 2936 771 2992 eaque
791 2937 837 2975 res
858 2918 1031 2992 colloquium
1053 2931 1084 2975 ut
1104 2920 1178 2976 dire·

153 2999 259 3077 misset,
274 3009 364 3064 multo
377 3009 465 3084 major
481 3009 611 3066 alacritas
626 3009 810 3084 studiumque
824 3010 971 3085 pugnandi
987 3010 1078 3084 majus
1098 3029 1177 3068 exer·

154 3099 213 3157 citu
228 3099 364 3173 injectum
378 3110 428 3156 est.

192 3189 316 3247 XLVII.
345 3190 439 3246 Biduo
452 3189 517 3263 pdst
538 3189 699 3245 Ariovistus
721 3189 755 3245 ad
779 3189 923 3246 Caesarem
947 3191 1055 3267 legatos
1080 3192 1176 3263 mittit,

153 3281 245 3337 ‘velle
260 3299 290 3336 se
304 3281 339 3337 de
353 3281 398 3336 his
411 3281 506 3348 rebuS,
522 3298 584 3352 quar
599 3280 736 3336 intereos
751 3280 796 3356 agi
811 3291 921 3356 coeptae,
936 3301 1029 3356 neque
1043 3285 1177 3358 perfectas

153 3383 257 3442 essent,
273 3391 357 3446 agere
371 3389 437 3426 curn
453 3388 504 3426 eo:
527 3368 567 3425 uti
584 3381 632 3426 aut
646 3371 748 3427 iterum
763 3373 907 3446 colloquio
927 3373 1002 3430 diem
1024 3377 1179 3432 constitue·

153 3473 197 3520 ret
207 3483 214 3531 ;
238 3473 295 3530 aut,
310 3463 333 3516 si
349 3461 378 3516 id
392 3458 488 3515 minus
502 3460 595 3530 vellet,
611 3480 646 3517 ex
666 3462 726 3518 suis
746 3463 847 3538 legatis
870 3464 992 3538 aliquem
1015 3467 1049 3520 ad
1071 3485 1101 3524 se
1116 3468 1179 3523 mit-

154 3555 243 3610 teret!
278 3550 475 3630 ‚colloquendi
497 3551 604 3607 Caesari
629 3571 716 3608 causa
739 3554 799 3609 visa
822 3573 879 3610 non
904 3567 956 3623 est,
972 3566 1000 3612 et
1020 3576 1055 3612 eo
1076 3557 1177 3632 magis,

155 3641 231 3718 qudd
245 3641 338 3717 pridie
358 3641 419 3714 ejus
440 3641 497 3697 diei
521 3642 658 3698 Germani
679 3644 797 3700 retineri
820 3664 878 3700 non
902 3658 1042 3719 poterant,
1058 3648 1126 3718 quin
1149 3647 1177 3702 in

154 3744 266 3794 nostros
290 3732 347 3789 tela
370 3731 554 3806 conjicerent.
596 3732 736 3808 Legatum
760 3753 796 3790 ex
817 3735 875 3790 suis
898 3754 960 3790 sese
983 3755 1087 3810 magno
1111 3755 1177 3794 cum

153 3824 283 3902 periculo
298 3821 332 3879 ad
346 3841 411 3878 eum
426 3822 578 3878 missurum
593 3833 621 3880 et
635 3823 799 3880 hominibus
818 3825 885 3880 feris
905 3825 1085 3899 objecturum
1107 3846 1179 3885 exis-

153 3915 281 3978 timabat.
323 3913 595 3974 Commodissimum
618 3914 711 3974 visum
731 3924 774 3972 est
788 3913 822 3972 Ο.
843 3915 991 3973 Valerium
1010 3916 1167 3976 Procillum
