2578 4270
115 271 155 330 4ss
441 263 490 314 bn
512 261 629 314 nunno
652 261 813 313 cnnnrco
981 263 1061 327 [err.
1078 263 1149 314 3-6

117 421 213 470 tannen
236 407 310 484 parti
332 407 452 482 placuit,
473 406 530 464 hoc
554 415 697 463 reservato
722 406 756 462 ad
778 416 937 463 extremum
959 406 1094 476 consilio,
1111 405 1155 462 in·

118 503 199 558 terim
215 501 256 556 rei
270 499 549 571 eventum'experiri,
565 509 593 552 et
605 510 698 552 castra
713 497 875 552 defendere.

156 589 207 646 IV.
238 590 321 645 Brevi
336 590 429 662 spatio
444 590 603 662 interjecto,
618 588 664 643 vix
679 599 710 643 ut
725 587 769 642 his
783 588 878 655 rebus,
894 605 965 660 quas
984 587 1155 643 constituis-

118 693 191 748 sent,
212 680 387 735 collocandis
410 692 494 751 atque
520 678 751 734 administrandis
774 688 886 750 tempus
910 678 1034 746 daretur,
1051 678 1153 733 hostes

118 788 153 826 ex
167 770 299 825 omnibus
313 771 450 843 partibus,
465 771 548 844 signo
562 769 638 836 dato,
654 769 816 837 decurrere,
832 768 941 842 lapides
961 787 1097 842 gaesaque
1120 769 1152 824 in

118 861 222 915 vallum
237 861 394 933 conjicere:
418 860 504 915 nostri
526 859 618 932 primd
641 859 758 933 integris
780 859 887 914 viribus
910 859 1019 914 fortiter
1044 878 1152 933 repug-

118 967 196 1018 nare,
211 969 304 1022 neque
320 951 406 1006 ullum
423 949 526 1006 frustrd
541 949 628 1006 telum
650 967 684 1004 ex
704 948 770 1004 loco
790 951 936 1023 superiore
960 949 1094 1006 mittere:
1118 961 1151 1005 ut

118 1057 238 1112 quaque
254 1059 318 1113 pars
338 1053 495 1096 castrorum
518 1039 624 1094 nudata
648 1039 846 1096 defensoribus
869 1040 960 1114 premi
985 1041 1149 1110 videbatur,

118 1130 153 1186 ed
168 1149 320 1186 occurrere
334 1144 363 1186 et
378 1131 514 1186 auxilium
531 1130 620 1186 ferre:
642 1130 692 1186 sed
715 1129 769 1185 hoc
790 1131 928 1204 superari,
946 1130 1023 1204 qudd
1038 1131 1150 1186 diutur-

118 1220 207 1275 nitate
222 1239 324 1295 pugnae
340 1221 434 1277 hostes
448 1220 549 1276 defessi
565 1220 664 1294 proelio
678 1220 864 1290 excedebant,
881 1221 928 1276 alii
943 1221 1062 1296 integris
1084 1222 1151 1276 viri-

119 1307 172 1363 bus
186 1311 396 1366 succedebam:
420 1329 539 1384 quarum
555 1329 649 1366 rerum
672 1329 687 1366 a
708 1311 812 1366 nostris
832 1325 947 1385 propter
970 1313 1149 1386 paucitatem

119 1398 179 1454 lieri
196 1401 264 1454 nibil
281 1413 408 1472 poterat;
432 1419 465 1456 ac
479 1419 535 1456 non
561 1401 645 1458 modd
667 1401 779 1457 defesso
800 1419 834 1457 ex
854 1402 951 1476 pugni
976 1402 1138 1458 excedendi

119 1489 168 1544 sed
186 1509 221 1544 ne
235 1493 334 1544 saucio
347 1491 461 1564 quidem
483 1491 544 1564 ejus
568 1491 634 1561 loci,
650 1493 699 1547 ubi
724 1493 900 1562 constiterat,
916 1492 1097 1565 relinquendi
1114 1511 1150 1548 ac

119 1581 162 1635 sui
179 1581 333 1654 recipiendi
351 1581 469 1637 facultas
484 1582 611 1638 dabatur.

159 1671 193 1728 V.
221 1672 322 1732 Quum
336 1675 393 1746 jam
411 1672 532 1746 ampliirs
547 1673 624 1728 boris
638 1691 688 1728 sex
708 1673 889 1728 continenter
909 1683 1096 1747 pugnaretur,
1114 1691 1149 1729 ac

119 1781 177 1818 non
192 1765 283 1818 solino
301 1765 373 1818 vires
387 1764 435 1818 sed
451 1766 536 1818 etiarn
559 1764 615 1819 tela
636 1764 740 1818 nostris
761 1763 927 1832 deficerent,
943 1775 1028 1836 atque
1050 1764 1149 1820 hostes

121 1855 216 1908 aerius
241 1857 386 1920 instarent,
403 1851 685 1928 languidioribusque
708 1855 821 1922 nostrie,
837 1855 942 1910 vallum
963 1855 1095 1910 scindere
1118 1866 1148 1912 et

122 1939 209 1996 fossas
223 1945 365 2014 conplere
380 1947 541 2017 coepissent,
557 1963 657 2016 resque
676 1957 750 2000 esset
763 1931 826 2018 ¹jam
850 1945 884 2000 ad
905 1957 1063 2002 extremum
1084 1965 1148 2020 per-

121 2030 207 2086 ducta
232 2050 340 2098 casum,
368 2031 397 2087 P.
427 2035 541 2090 Sextius
568 2034 701 2102 Baculus,
728 2035 863 2108 primipili
891 2036 1031 2105 centurio,
1059 2055 1146 2109 quern

121 2118 248 2176 Nervico
263 2122 361 2193 prrelio
381 2123 575 2195 compluribus
597 2125 761 2180 confectum
782 2125 946 2181 vulneribus
967 2126 1101 2195 diximus
1116 2137 1146 2183 et

121 2207 187 2264 item
210 2210 243 2264 C.
263 2210 432 2278 Volusenus,
447 2214 577 2268 tribunus
602 2215 733 2283 militurn,
748 2215 789 2270 vir
811 2227 840 2272 et
865 2216 976 2272 consilii
998 2218 1094 2292 magni
1116 2227 1145 2274 et

120 2300 242 2367 virtutis,
258 2299 292 2354 ad
314 2301 433 2357 Galbam
457 2317 620 2371 accurrunt,
636 2317 720 2376 atque
744 2323 830 2360 unam
854 2325 916 2362 esse
941 2325 1020 2381 spem
1044 2308 1145 2363 salutis

121 2387 235 2458 docent,
260 2391 293 2458 si,
314 2393 462 2464 eruptione
488 2393 573 2463 facti,
594 2409 750 2451 extremum
777 2396 912 2452 auxilium
938 2398 1142 2472 experirentur.

122 2476 231 2552 ltaque,
264 2484 428 2539 convocatis
462 2486 688 2554 centurionibus,
717 2485 848 2542 celeriter
875 2487 980 2544 milites
1007 2490 1143 2546 certiores

121 2567 198 2636 facit,
224 2572 364 2645 paulisper
391 2573 608 2633 intermitterent
630 2576 772 2650 proelium,
802 2596 836 2632 ac
862 2579 1061 2634 tantummodo
1086 2580 1144 2636 tela

120 2660 206 2715 missa
220 2665 393 2735 exciperent,
409 2683 496 2738 seque
511 2684 544 2721 ex
565 2665 663 2722 labore
683 2667 852 2723 reficerent:
873 2667 948 2742 prist,
963 2669 1030 2726 dato
1050 2671 1142 2745 signo,

121 2762 156 2801 ex
179 2753 279 2804 castris
303 2767 492 2827 erumperent,
515 2767 599 2830 atque
622 2775 736 2812 omnem
757 2775 836 2830 spem
864 2759 963 2816 salutis
984 2760 1013 2816 in
1040 2761 1143 2818 virtute

120 2851 267 2906 ponerent.

161 2925 211 2983 Vl.
240 2927 364 2986 Quod'
354 2931 425 3004 jussi
453 2944 528 3003 sunt,
555 2934 680 3004 faciunt;
713 2954 746 2991 ac
771 2937 866 2994 subitd
895 2941 1028 2998 omnibus
1054 2943 1143 3016 portis

122 3017 270 3088 eruptione
286 3018 359 3074 facta
363 3039 477 3095 ‚neque
490 3025 693 3099 cognoscendi,
710 3027 778 3098 quid
799 3028 879 3085 fieret
882 3049 998 3104 ,neque
1020 3034 1064 3089 sui
1087 3034 1144 3089 col·

122 3103 229 3178 ligendi
245 3107 371 3164 hostibus
386 3110 547 3169 facultatem
562 3115 734 3190 relinquunt.
776 3117 821 3176 Ita
832 3123 1006 3178 commutata
1019 3123 1141 3193 fortuni,

123 3211 181 3261 eos,
210 3197 256 3267 qni
284 3197 311 3251 in
336 3218 413 3272 spem
440 3203 641 3275 potiundorum
665 3218 822 3264 castrorum
847 3223 992 3281 venerant,
1017 3214 1142 3286 undique
1204 3237 1209 3244 ·

124 3283 332 3340 circumventos
362 3289 550 3359 interficiunt3
580 3306 608 3350 et
635 3315 670 3350 ex
694 3297 840 3354 hominum
868 3301 994 3357 millibus
1022 3303 1142 3376 amplius

123 3373 248 3447 triginta,
261 3394 346 3446 quern
363 3397 511 3434 numerum
527 3382 709 3440 barbarorum
732 3388 766 3441 ad
787 3401 880 3445 castra
902 3392 1012 3446 uenisse
1033 3404 1142 3448 consta-

123 3461 180 3529 bat,
196 3461 259 3535 plius
277 3467 359 3520 tertia
381 3483 459 3540 parte
485 3471 633 3528 interfecta
638 3475 782 3548 ,reliquos
806 3482 970 3551 perterritos
992 3484 1020 3538 in
1046 3483 1141 3557 fugam

124 3553 290 3639 conjiciunt,
307 3574 340 3609 nc
355 3575 390 3612 ne
406 3559 432 3613 in
449 3559 519 3615 locis
534 3562 646 3632 quidem
662 3567 854 3637 superioribus
866 3571 1068 3673 consisterepn
1060 3575 1142 3629 rtiun·

123 3651 175 3698 tur.
218 3644 278 3712 Sic,
293 3647 424 3702 omnibus
438 3649 509 3705 lrost
491 3662 559 3705 trum
583 3654 672 3724 copiis
693 3654 761 3710 fusis
783 3660 923 3732 armisque
944 3673 1011 3718 exut
1013 3663 1046 3732 ie,
1062 3683 1092 3719 se
1113 3665 1140 3720 in

124 3743 216 3786 castra
229 3735 457 3811 munitionesque
478 3759 543 3795 suns
564 3742 713 3813 recipiunt.
754 3745 825 3806 Quo
844 3751 944 3822 proelio
965 3751 1041 3808 facto
1043 3753 1140 3827 ,qudd

123 3820 226 3896 saepius
252 3823 393 3882 fortunam
420 3839 530 3884 tentare
556 3830 650 3885 Galba
675 3831 800 3904 nolebat,
829 3848 912 3910 atquc
941 3840 996 3896 alio
1022 3861 1085 3900 sese
1112 3845 1140 3901 iu
