2566 4270
145 297 217 348 cri.
233 295 351 364 65-67]Ι
509 294 823 345 transsumimus.
1123 301 1180 362 m

144 439 225 498 intra
245 437 352 513 oppida
375 455 528 512 murosque
549 438 766 513 compelluntur.
808 439 990 515 Allobroges,
1012 439 1124 498 crebris
1142 441 1180 500 ad

147 530 328 586 Rhodanum
343 529 486 603 dispositis
506 531 655 603 presidiis,
672 530 776 604 magna
797 549 863 586 cum
887 532 957 587 curri
978 541 1006 587 et
1027 531 1179 608 diligentia

145 641 217 680 suos
244 621 315 677 fines
342 629 466 678 tuentur.
509 621 615 691 Caesar,
644 620 721 694 qudd
744 621 839 677 hostes
861 623 989 695 equitatu
1016 625 1178 697 superiores

145 731 214 769 esse
228 712 414 788 intelligebat,
429 721 467 781 et,
483 711 645 768 interclusis
661 712 802 769 omnibus.
816 713 976 783 itineribus,
991 714 1070 770 nulla
1091 733 1122 771 re
1143 733 1179 772 ex

145 803 298 878 provincia
314 814 398 876 atque
412 801 496 858 Italia
510 803 651 859 sublevari
665 814 785 877 poterat,
800 815 878 862 trans
899 804 1037 861 Rhenum
1058 805 1087 861 in
1107 806 1178 864 Ger·

147 894 275 954 maniam
290 893 377 950 mittit
392 893 427 949 ad
446 911 496 950 eas¹
515 893 654 963 civitates,
669 913 740 967 quas
760 895 954 968 superioribus
976 897 1058 952 annis
1077 915 1179 971 pacav-

148 995 224 1054 erat,
236 981 403 1058 equitesque
418 985 452 1040 ab
473 984 518 1040 his
539 996 657 1040 arcessit
677 995 706 1040 et
728 985 799 1048 levis
824 996 973 1043 armature
993 987 1113 1060 pediteS,
1128 988 1178 1061 qui

149 1077 225 1134 inter
240 1093 289 1132 eos
303 1075 429 1149 proeliari
449 1086 665 1132 consueverant.
707 1075 815 1132 Eorum
838 1077 970 1146 adventu,
985 1077 1063 1150 quod
1083 1076 1181 1134 minos

150 1167 262 1222 idoneis
276 1166 357 1239 equis
379 1167 541 1237 utebantur,
558 1185 574 1222 a
593 1167 716 1222 tribunis
737 1167 859 1224 militum
880 1168 1064 1242 reliquisque,
1079 1167 1181 1225 sed-et

149 1257 295 1330 equitibus
316 1257 458 1314 Romanis
482 1267 567 1332 atque
591 1258 726 1329 evocatis,
748 1277 837 1332 equos
858 1258 954 1330 sumit,
968 1259 1179 1334 Germanisque

149 1348 348 1409 distribuit.
403 1371 405 1378 ¹
497 1350 500 1355 ’

189 1438 299 1497 LXVI.
328 1437 451 1509 Interea,
466 1438 535 1522 dum
556 1439 619 1496 haec
638 1451 786 1514 geruntur,
805 1439 930 1496 hostium
955 1439 1046 1515 copiae
1067 1459 1103 1498 ex
1118 1440 1179 1498 Ar·-

149 1529 245 1586 vernis
266 1529 443 1602 equitesque,
466 1530 515 1604 qui
528 1517 587 1586 toti
607 1531 710 1586 Galliae
732 1543 813 1588 erant
837 1531 978 1605 imperati,
993 1532 1176 1590 conveniunt.

149 1620 262 1696 Magno
281 1621 383 1676 horum
403 1631 506 1676 coacto
525 1639 656 1690 numero,
678 1640 764 1694 quum
787 1621 884 1677 Cres'ar
906 1623 935 1677 in
958 1623 1107 1695 Sequanos
1127 1641 1178 1696 per

148 1723 292 1768 extremos
313 1711 478 1786 Lingonum
504 1711 574 1766 fines
596 1710 648 1766 iter
673 1709 861 1785 faceret,qu
886 1711 1177 1768 facilibssubsidium

146 1802 303 1876 provinciae
319 1801 385 1858 ferri
403 1811 508 1876 posset,
524 1794 639 1874 circiter
659 1801 750 1856 millia
770 1819 905 1875 passuum
927 1801 956 1857 X
980 1803 1015 1857 ab
1035 1800 1178 1859 Romanis

148 1894 233 1950 trinis
257 1893 357 1950 castris
381 1892 602 1968 Vercingetorix
626 1891 772 1960 consedit;
805 1891 1027 1966 convocatisque
1050 1893 1085 1949 ad
1110 1911 1179 1950 con-

149 1985 249 2042 cilium
263 1984 404 2058 praefectis
415 1985 554 2057 equitum,
566 1990 573 2014 ‘
585 1983 695 2040 venisse
707 1994 819 2058 tempus
830 1983 971 2039 victoriae’
984 1983 1175 2043 demonstrat:

150 2075 270 2150 ‘lugere
292 2075 321 2132 in
342 2075 518 2150 provinciam
540 2074 691 2130 Romanos
714 2074 867 2148 Galliaque
891 2075 1048 2132 excedere:
1071 2075 1099 2132 id
1120 2075 1176 2134 sibi

151 2167 186 2224 ad
214 2177 382 2240 praesentem
409 2165 594 2222 obtinendum
621 2165 783 2224 libertatem
807 2164 876 2222 satis
899 2185 977 2236 esse;
1010 2167 1046 2222 ad
1074 2167 1176 2240 reliqui

149 2257 286 2331 temporis
306 2275 407 2331 pacem
433 2269 517 2330 atque
538 2257 628 2312 otium
650 2275 752 2331 parum
775 2257 894 2331 prolici;
921 2258 1076 2332 majoribus
1098 2258 1176 2314 enim

150 2348 259 2404 coactis
273 2348 364 2422 copiis
378 2366 550 2422 reversuros,
565 2343 659 2420 neque
679 2348 765 2403 finem
787 2348 853 2403 belli
876 2349 1009 2404 lecturos.
1051 2347 1177 2406 Proinde

150 2439 265 2514 agmine
280 2438 430 2511 impeditos
446 2423 617 2495 adoriantur.
660 2437 692 2493 Si
706 2437 816 2510 pedites
837 2439 895 2494 suis
917 2438 1054 2493 auxilium
1075 2439 1176 2508 lerant,
1215 2505 1218 2510 ι

149 2529 280 2600 atquem
295 2546 330 2584 eo
344 2539 500 2595 morentur,
516 2526 568 2582 iter
584 2520 689 2582 confici
703 2546 760 2581 non
773 2546 872 2600 posse;
895 2527 930 2595 si,
945 2528 973 2582 id
989 2527 1065 2599 quod
1086 2527 1178 2601 magis

148 2622 278 2678 futurum
293 2617 427 2686 confidat,
442 2617 550 2672 relictis
564 2616 786 2690 impedimentis,
801 2636 860 2672 suae
875 2617 958 2671 saluti
973 2617 1134 2684 consulant,
1149 2627 1178 2676 et

148 2729 204 2767 usu
217 2727 311 2765 rerum
331 2707 556 2782 necessariarum
577 2717 605 2781 et
623 2706 763 2782 dignitate
784 2707 935 2780 spoliatum
958 2706 1002 2762 iri.
1042 2705 1070 2761 N
1075 2726 1119 2762 am
1137 2707 1177 2766 :de

148 2800 295 2875 equitibus
323 2797 457 2870 hostium,
485 2797 553 2871 quin
587 2816 672 2854 nemo
699 2815 798 2854 eorum
825 2797 958 2872 progredi
985 2795 1070 2854 modd
1098 2809 1177 2856 extra

150 2910 253 2967 agmen
269 2891 381 2956 audeat,
396 2907 433 2945 ne
447 2889 523 2963 ipsos
544 2889 658 2962 quidem
677 2889 783 2944 debere
804 2887 942 2944 dubitare.
985 2887 1018 2944 Id
1040 2887 1096 2962 qud
1119 2909 1177 2946 ma-

147 2983 209 3058 jore
224 2982 330 3038 faciant
352 2980 455 3050 animo,
471 2981 568 3055 copias
589 2999 619 3036 se
640 2998 739 3036 omnes
762 2999 814 3054 pro
838 2978 937 3034 castris
959 2979 1132 3050 habiturum,
1148 2991 1177 3040 et

150 3072 251 3130 terrori
280 3072 408 3128 hostibus
436 3071 580 3128 futurum?
623 3071 815 3126 Conclamant
842 3070 951 3142 equites
979 3072 1177 3128 ‘sanctissimo

147 3163 332 3238 jurejurando
359 3163 521 3218 confirmari
552 3171 692 3236 oportere,
716 3179 753 3216 ne
779 3171 858 3216 tecto
884 3161 1047 3235 recipiatur,
1075 3180 1112 3218 ne
1139 3162 1176 3220 ad

149 3255 264 3322 liberos,
280 3273 316 3310 ne
332 3253 367 3309 ad
384 3265 526 3327 parentes,
541 3270 578 3307 ne
601 3251 636 3306 ad
654 3269 772 3306 uxorem
794 3251 900 3307 aditum
923 3251 1035 3323 habeat,
1050 3251 1099 3327 qui
1117 3271 1175 3310 non

149 3347 194 3402 bis
208 3363 257 3418 per
273 3363 374 3419 agmen
389 3344 514 3400 hostium
527 3341 732 3416 perequitant!
801 3381 802 3388 κ

189 3434 313 3492 LXVII.
341 3434 465 3490 Probata
479 3452 520 3502 re,
537 3443 620 3506 atque
635 3433 767 3488 omnibus
785 3433 819 3490 ad
837 3432 1035 3508 jusjurandum
1057 3435 1174 3506 adactis,

149 3537 264 3604 postero
278 3527 324 3583 die
339 3526 368 3582 in
382 3537 439 3582 tres
459 3535 553 3599 partes
574 3524 725 3581 distributo
745 3525 882 3598 equitatu,
898 3525 961 3582 duae
985 3545 1016 3582 se
1040 3526 1117 3581 acies
1140 3526 1175 3580 ab

150 3619 262 3674 duobus
275 3617 412 3674 lateribus
426 3615 597 3672 ostendunt:
620 3635 678 3670 una
692 3635 708 3672 a
721 3617 813 3690 primo
828 3617 941 3691 agmine
962 3617 1015 3672 iter
1036 3613 1174 3686 impedire

150 3709 245 3784 coepit.
299 3707 370 3767 Qut
397 3725 428 3762 re
456 3705 603 3776 nunciati,
628 3706 726 3762 Caesar
754 3726 836 3762 suum
864 3705 979 3779 qudque
1006 3703 1174 3776 equitatum,

149 3797 290 3874 tripartiti)
319 3797 451 3866 divisum,
480 3795 520 3852 ire
545 3807 645 3854 contra
668 3785 777 3853 h'ostem
802 3797 891 3870 jubet.
940 3794 1089 3867 Pugnatur
1115 3791 1175 3854 und

148 3904 221 3950 tunc
234 3888 367 3946 omnibus
381 3886 411 3944 in
425 3886 571 3961 partibus:
594 3887 725 3944 consistit
739 3903 842 3962 agmen
854 3904 861 3940 ε
883 3883 1088 3957 impedimenta
1100 3882 1174 3949 into!
