2578 4270
121 312 198 362 cn».
213 313 327 375 err-es]
477 312 585 362 ursas
608 313 805 363 secaneos.
1119 319 1158 376 39

123 473 226 512 rerum
241 473 374 532 magnam
387 465 496 530 partem
511 457 646 531 temporis
661 458 783 514 brevitas
798 470 826 514 et
846 477 998 514 successus
1019 469 1048 515 et
1063 459 1157 515 incur-

122 565 179 601 sus
194 547 318 602 hostium
333 547 512 620 impediebat.
556 547 611 602 His
625 548 840 604 difficultatibus
855 550 918 604 duae
933 569 977 605 res
992 561 1072 605 erant
1093 552 1157 606 sub·

123 637 215 706 sidio,
240 637 361 692 scientia
386 648 470 710 atque
494 657 562 693 usus
584 639 715 708 militum,
736 640 811 712 quod
834 641 1026 713 superioribus
1050 643 1157 714 proeliis

124 728 290 797 exercitati,
312 727 380 800 quid
402 728 463 785 heri
486 740 636 802 oporteret,
658 749 714 785 non
738 729 832 786 minias
855 730 1003 786 commode
1027 733 1079 805 ipsi
1102 733 1154 787 sibi

69 831 70 836 ’
124 819 326 892 praescribere,
342 818 427 892 quam
444 820 478 874 ab
494 820 556 874 aliis
578 821 673 875 doceri
694 833 841 894 poterant3
864 833 892 877 et
916 822 992 895 qudd
1014 823 1048 877 ab
1070 841 1155 897 opere

105 909 309 984 'singulisque
330 910 491 984 legionibus
512 911 639 984 singulos
660 912 767 986 legatos
796 913 892 967 Caesar
921 914 1077 982 discedere,
1100 913 1155 969 nisi

126 1001 249 1056 munitis
263 1001 373 1070 cestria,
389 1011 524 1057 vetuerat.
568 1001 608 1057 Hi
622 1013 735 1075 propter
756 988 994 1076 propinquitatem
1016 1015 1044 1059 et
1058 1005 1156 1059 celeri·

126 1101 219 1146 tatem
233 1091 356 1147 hostium
370 1091 441 1146 nihil
453 1091 511 1165 jam
527 1091 649 1148 Caesaris
670 1093 820 1167 imperium
845 1095 1020 1167 spectabant,
1036 1095 1085 1149 sed
1106 1113 1155 1168 per

127 1199 172 1250 se,
188 1201 249 1254 quae
264 1182 442 1251 videbantur,
458 1182 700 1239 administrabant.

170 1271 255 1328 XXI.
285 1272 391 1342 Caesar,
418 1274 588 1329 necessariis
610 1275 695 1330 rebus
721 1274 873 1348 imperatis,
903 1275 937 1330 ad
965 1276 1155 1332 cohortandos

128 1362 245 1432 milites,
261 1382 345 1436 quarn
360 1363 389 1418 in
402 1375 510 1436 partem
526 1364 582 1419 fors
597 1365 708 1434 obtulit,
725 1366 898 1435 decucurrit,
914 1376 940 1422 et
963 1367 996 1421 ad
1012 1367 1154 1442 legionem

129 1453 272 1509 decimam
301 1453 422 1510 devenit.
465 1453 574 1511 Milites
598 1475 655 1511 non
677 1457 804 1531 longiore
828 1457 956 1512 oratione
980 1458 1154 1527 cohortatus,

128 1543 216 1617 quim
232 1543 271 1600 uti
287 1564 345 1600 suae
360 1545 485 1618 pristinae
507 1547 618 1602 virtutis
642 1548 806 1602 memoriam
832 1549 996 1616 retinerent,
1013 1567 1067 1604 neu
1094 1568 1155 1622 per·

129 1635 311 1690 turbarentur
340 1636 445 1705 animo,
468 1635 649 1709 hostiumque
676 1639 812 1711 impeturn
839 1638 946 1694 sortiter
972 1640 1153 1709 sustinerent,

130 1723 208 1796 qudd
222 1745 278 1780 non
293 1723 407 1800 longiris
422 1726 516 1781 hostes
532 1728 657 1796 aberant,
673 1727 758 1800 quarn
775 1728 830 1800 qud
846 1729 933 1782 telum
951 1729 1034 1802 a‘djici
1049 1742 1153 1803 posset,

130 1815 222 1889 proelii
249 1815 583 1890 committendi-signum
608 1817 694 1872 dedit.
736 1818 832 1890 Atque
854 1819 883 1872 in
905 1818 1020 1873 alteram
1046 1833 1153 1893 partem

131 1906 199 1962 item
213 1905 379 1962 cohortandi
401 1907 488 1962 causei
508 1907 662 1980 profectus,
677 1909 870 1983 pugnantibus
890 1909 1024 1965 occurrit.
1067 1910 1154 1966 Tem-

129 1997 206 2070 poris
219 2008 298 2054 tanta
312 1997 364 2054 fuit
378 1998 528 2074 exiguitas
544 1998 724 2072 hostiumque
745 2009 802 2054 tam
823 2012 937 2073 paratus
959 2000 993 2055 ad
1015 2001 1153 2058 dimican-

130 2087 198 2142 dum
226 2089 346 2158 animus,
371 2100 482 2145 utnon
504 2088 589 2146 modd
616 2089 651 2145 ad
676 2089 800 2166 insignia
822 2091 1074 2160 accommodanda,
1102 2093 1152 2150 sed

130 2179 216 2234 etiam
239 2178 274 2234 ad
295 2179 390 2254 galeas
415 2179 592 2236 inducendas
623 2181 769 2255 scutisque
795 2183 950 2257 tegimenta
977 2183 1152 2240 detrahenda

129 2279 241 2344 tempus
255 2269 384 2327 deluerit.
424 2271 523 2332 Quam
545 2272 665 2346 quisque
691 2273 719 2328 in
741 2284 847 2347 partem
872 2275 907 2329 ab
922 2293 1006 2348 opere
1022 2293 1088 2330 casu
1106 2275 1153 2330 de-

129 2361 216 2429 venit,
238 2379 357 2434 quaeque
377 2361 468 2436 prima
488 2363 571 2437 signa
595 2363 752 2436 conspexit,
768 2364 802 2418 ad
824 2363 885 2419 haec
907 2365 1045 2434 constitit,
1061 2383 1097 2420 ne
1115 2364 1151 2420 'in

129 2452 290 2526 quaerendis
304 2452 362 2507 suis
376 2452 523 2527 pugnandi
538 2463 649 2526 tempus
664 2439 826 2509 dimitteret.

169 2541 270 2598 XXII.
298 2541 443 2598 Instructo
456 2542 584 2598 exercitu
605 2541 696 2617 magis
718 2553 749 2598 ut
770 2544 826 2598 loci
848 2554 949 2598 natura
968 2543 1164 2618 dejectusque

129 2632 211 2688 collis
225 2643 253 2688 et
267 2634 422 2690 necessitas
436 2632 580 2706 temporis,
596 2630 682 2705 quam
705 2643 735 2688 ut
755 2633 796 2688 rei
820 2633 949 2688 militaris
972 2635 1044 2690 ratio
1069 2648 1152 2708 atque

129 2723 200 2780 ordo
220 2724 390 2798 postulabat,
406 2741 502 2796 quum,
525 2723 642 2780 diversis
666 2723 836 2798 legionibus,
859 2723 920 2778 aliae
946 2723 1000 2779 aliri
1025 2725 1051 2780 in
1074 2737 1152 2800 parte

129 2814 258 2870 hostibus
285 2815 458 2884 resisterent,
486 2814 657 2888 sepibusque
682 2814 867 2884 densissimis
889 2825 919 2871 ut
944 2816 1009 2871 ante
1038 2817 1152 2874 demon-

129 2905 288 2975 stravimus,
304 2905 468 2980 interjectis
483 2915 650 2980 prospectus
665 2905 866 2980 impediretur:
889 2925 981 2980 neque
996 2919 1073 2964 certa
1088 2910 1153 2964 sub-

129 2996 203 3052 sidia
216 2996 361 3066 collocari,
377 3015 469 3070 neque
484 2997 551 3069 quid
567 2997 596 3051 in
611 2997 723 3069 qudque
736 3008 816 3070 parte
830 3017 901 3071 opus
913 3010 986 3054 esset
1000 3001 1150 3072 provideri,

129 3105 223 3159 neque
238 3087 272 3142 ab
286 3106 345 3142 uno
358 3088 455 3142 omnia
469 3086 589 3160 imperia
610 3085 799 3142 administrari
821 3098 958 3161 poterant.
1001 3089 1101 3162 Itaque
1123 3091 1162 3165 in·

129 3177 208 3233 tanta
235 3195 330 3232 rerum
358 3177 507 3250 iniquitate
536 3177 654 3231 fortunae
683 3175 796 3250 qudque
823 3190 940 3234 eventus
961 3179 1030 3234 varii
1055 3199 1153 3254 seque·

130 3269 240 3323 bantur.
926 3271 929 3280 '

169 3357 283 3413 XXIII.
312 3357 449 3430 Legionis
476 3375 558 3411 nonae
584 3368 612 3413 et
635 3357 753 3413 decimae
782 3359 895 3428 milites,
922 3370 952 3415 ut
980 3361 1008 3415 in
1037 3360 1150 3416 sinistrri

129 3459 209 3523 parte
224 3448 285 3502 acie
300 3447 494 3516 constiterant,
511 3447 576 3520 pilis
590 3448 710 3516 emissis,
726 3468 810 3504 cursu
825 3469 866 3510 ,ac
888 3450 1054 3506 lassitudioe
1069 3469 1153 3506 exan-

131 3539 232 3595 imatos
246 3535 467 3610 vulneribusque
482 3537 629 3594 conlectos
644 3539 796 3596 Atrebates
812 3540 892 3614 (narn
914 3541 957 3596 his
979 3559 1013 3596 ea
1026 3560 1091 3614 pars
1104 3543 1153 3596 ob·

130 3623 259 3705 venerat)
276 3626 405 3682 celeriter
421 3646 455 3684 ex
469 3629 533 3684 loco
554 3616 698 3704 superiore
720 3630 749 3688 in
771 3631 876 3686 flumen
900 3632 1108 3705 compulerunt,
1124 3641 1152 3688 et

129 3719 250 3777 transire
265 3729 402 3774 conantes
417 3719 538 3776 insecuti
553 3721 655 3795 gladiis
669 3741 802 3797 magnam
818 3735 926 3796 partem
947 3739 1045 3776 eorum
1066 3721 1153 3796 impe-

128 3811 216 3868 ditam
232 3810 458 3868 interfecerunt..
486 3809 542 3886 Ipsi
558 3813 676 3868 transire
691 3812 797 3868 flumen
812 3831 869 3868 non
881 3812 1097 3882 dubitaverunt;
1113 3823 1151 3885 et,

129 3904 158 3961 in
184 3903 281 3960 locum
307 3901 435 3976 iniquum
460 3903 611 3978 progressi,
634 3923 732 3960 rursus
759 3921 904 3978 regressos
933 3920 967 3958 ac
988 3903 1152 3961 resistentes
