2578 4270
150 321 191 382 5⁰
484 315 533 365 na
556 315 673 365 senno
696 313 856 363 Gannico
984 315 1064 379 [ors.
1084 315 1194 362 13-15.

151 477 295 518 remorum
302 468 465 534 prestares
479 457 599 532 reliqua,
610 477 663 533 pro
675 457 733 513 loci
747 456 859 527 natura,
870 456 959 532 provi
969 467 1190 531 tempestatum,

152 553 208 608 illis
222 561 317 608 essent
331 551 440 625 aptiora
453 559 481 606 et
501 549 777 605 accommodatiora:
798 566 892 620 neque
913 548 991 604 eninr
1012 548 1057 603 his
1078 560 1188 604 nostrae

151 653 243 698 rostro
257 657 361 698 nocere
374 651 505 716 poterant
513 660 520 708 ;
542 651 622 696 tanta
636 640 665 695 in
679 640 721 695 eis
735 649 795 694 erat
809 637 968 694 firmitudo:
990 656 1087 710 neque
1102 657 1188 714 prop-

151 742 193 789 ter
209 732 387 788 altitudinem
408 730 493 787 facile
514 730 603 786 telum
628 729 834 803 adjiciebatur;
856 739 886 785 et
907 729 1009 785 eadem
1031 728 1068 784 de
1092 730 1185 786 causi

151 821 247 880 minus
274 819 456 879 incommode
490 820 616 895 scopulis
642 821 872 876 continebantur.
928 819 1112 889 Accedebat,
1141 829 1183 890 ut,

151 931 239 986 quum
254 913 353 969 saevire
367 923 468 968 ventus
481 911 623 986 coepisset,
638 921 667 966 et
687 929 719 966 se
739 921 825 967 vento
844 910 999 980 dedissent,
1015 921 1045 966 et
1057 920 1183 984 tempes-¹

150 1013 237 1060 tatem
260 1003 366 1060 ferrent
390 1000 514 1072 facilius,
536 1011 565 1057 et
587 1002 617 1057 in
641 1001 721 1057 vadis
745 1001 935 1078 consisterent
957 999 1059 1071 tutius,
1082 1011 1122 1072 et,
1147 1002 1182 1058 ab

150 1103 221 1150 aestu
241 1094 395 1163 derelictae,
417 1093 488 1149 nihil
508 1109 577 1148 saxa
597 1101 626 1148 et
647 1103 746 1148 cautes
767 1092 919 1148 timerent:
941 1109 1062 1165 quarum
1083 1110 1180 1148 rerum

150 1185 279 1240 omnium
292 1185 396 1240 nostris
409 1184 530 1239 navibus
543 1200 627 1240 casus
641 1195 723 1238 erant
736 1182 951 1238 extimescendi.

189 1273 272 1330 XIV.
300 1273 504 1348 Compluribus
522 1273 691 1348 expugnatis
711 1273 833 1348 oppidis,
848 1273 946 1330 Cesar
967 1273 1016 1328 ubi
1038 1272 1180 1330 intellexit

150 1361 254 1420 frustrd
281 1373 393 1420 tantum
420 1363 547 1418 lahorem
574 1365 658 1434 sumi,
685 1381 780 1436 neque
807 1363 932 1420 hostium
960 1363 1058 1440 fugam
1086 1365 1180 1438 captis

150 1454 262 1528 oppidis
285 1453 410 1528 reprimi,
425 1471 518 1526 neque
540 1453 584 1510 his
604 1455 703 1510 noceri
726 1471 819 1528 posse,
834 1454 933 1510 statuit
954 1455 1180 1528 exspectandam

150 1545 279 1602 classem.
319 1545 397 1605 Quae
410 1545 460 1600 ubi
475 1545 618 1614 convenit,
634 1563 668 1600 ac
683 1543 808 1618 primum
830 1545 865 1600 ab
886 1544 1016 1601 hostibus
1041 1546 1103 1601 visa
1123 1556 1185 1616 est,

150 1638 265 1693 circiter
288 1636 403 1692 CCXX
427 1653 513 1692 naves
537 1653 636 1691 eorum
655 1635 840 1709 paratissimae
866 1646 950 1708 atque
971 1635 1048 1691 omni
1070 1654 1179 1711 genere

151 1747 292 1784 armorum
306 1727 503 1797 ornatissime,
517 1726 651 1800 profectae
673 1745 707 1782 ex
727 1737 821 1800 portu,
836 1727 941 1782 nostris
962 1727 1088 1782 adversae
1109 1745 1179 1783 con-

150 1820 300 1876 stiterunt:
326 1837 420 1892 neque
442 1817 511 1874 satis
533 1817 633 1886 Bruto,
655 1817 704 1889 qui
727 1817 811 1872 classi
831 1827 963 1891 praeerat,
985 1817 1029 1873 vel
1053 1818 1178 1874 tribunis

150 1911 272 1965 militum
286 1909 568 1981 centurionibusque,
580 1908 683 1982 quibus
697 1907 816 1982 singule
828 1927 914 1964 naves
928 1919 1010 1965 erant
1021 1909 1177 1979 attributa,

151 2000 308 2069 constabat,
323 2000 392 2072 quid
407 2010 533 2073 agerent,
549 2009 597 2054 aut
611 2017 695 2072 quam
716 1999 855 2055 rationem
875 2017 979 2075 pugnae
1000 1999 1175 2056 insisterent.

150 2088 258 2145 Rostro
284 2089 361 2145 enim
381 2090 479 2146 noceri
501 2109 559 2146 non
581 2107 663 2164 posse
688 2099 896 2164 cognoveraut3
926 2090 1052 2147 turribus
1079 2101 1177 2147 autem

151 2179 291 2248 excitatis,
306 2190 402 2235 tamen
416 2179 468 2235 has
483 2179 602 2235 altitudo
623 2181 761 2254 puppium
786 2199 822 2236 ex
842 2181 970 2237 barbaris
990 2181 1111 2238 navibus
1131 2201 1178 2237 su·

150 2270 276 2344 perabat,
298 2279 329 2325 ut
353 2287 446 2342 neque
468 2288 502 2325 ex
524 2270 658 2326 inferiore
679 2271 744 2326 loco
764 2269 833 2327 satis
847 2270 997 2327 commode
1018 2271 1075 2328 tela
1090 2273 1177 2346 adjici

150 2370 274 2433 possent,
303 2370 331 2417 et
357 2361 444 2416 missa
471 2361 506 2416 ab
532 2360 624 2416 Gallis
658 2359 773 2435 gravius
800 2361 973 2418 acciderent.
1021 2362 1087 2418 Una
1114 2373 1177 2420 erat

150 2470 255 2526 magno
275 2452 340 2507 usui
364 2469 408 2507 res
428 2461 585 2525 praeparata
607 2469 623 2507 a
647 2452 760 2521 nostris,
776 2452 863 2508 falces
883 2462 1046 2525 praeacutae,
1061 2453 1176 2510 insertae

151 2541 296 2615 affixaeque
310 2542 458 2618 longuriis,
473 2560 531 2597 non
547 2541 667 2598 absimili
683 2541 773 2598 formai
788 2543 939 2598 muralium
951 2542 1075 2599 falcium.
1117 2543 1175 2601 His

150 2653 236 2705 quum
259 2634 350 2704 funes,
365 2633 413 2706 qui
436 2643 574 2690 antennas
599 2633 633 2688 ad
654 2633 744 2688 malos
769 2633 959 2703 destinabant,
975 2634 1174 2707 comprehensi

151 2723 442 2796 adductique‘erant,
469 2724 586 2798 navigio
618 2724 704 2779 remis
738 2723 866 2793 incitate,
900 2725 1173 2798 praerunrpebantur.

149 2813 266 2872 Quibus
290 2813 431 2882 abscissis,
453 2825 584 2870 antennae
608 2812 770 2868 necessario
794 2813 995 2883 concidebant,
1018 2825 1059 2884 ut,
1085 2835 1172 2888 quum

150 2902 242 2956 omnis
256 2901 375 2956 Gallicis
390 2904 509 2958 navibus
523 2923 586 2976 spes
602 2904 630 2958 in
644 2903 714 2958 velis
734 2905 972 2978 armamentisque
993 2906 1172 2973 consisteret,

150 2991 194 3046 his
209 2992 322 3063 ereptis,
337 2992 429 3046 omnis
443 3011 511 3048 usus
525 2994 639 3052 navium
660 3013 717 3048 uno
737 3003 864 3067 ternpore
886 2996 1050 3070 eriperetur.
1092 2996 1172 3052 Reli-

151 3084 238 3153 quum
262 3092 322 3136 erat
350 3093 493 3137 certamen
516 3085 640 3158 positum
668 3085 696 3140 in
724 3085 837 3154 virtute,
866 3087 922 3159 quai
949 3087 1039 3143 nostri
1067 3087 1173 3144 milites

150 3169 234 3226 facile
250 3173 430 3244 superabant,
446 3183 529 3246 atque
550 3193 585 3230 eo
605 3174 705 3250 magis,
721 3175 798 3248 qudd
820 3177 849 3232 in
871 3188 1027 3251 conspectu
1049 3177 1173 3235 Caesaris

151 3271 234 3332 atque
256 3263 347 3317 omnis
368 3263 511 3320 exercitiis
534 3284 579 3321 res
600 3268 761 3340 gerebatur,
777 3277 808 3322 ut
829 3267 939 3322 nullum
962 3269 1048 3342 paulo
1072 3269 1172 3326 fortius
1215 3246 1226 3263 .

150 3352 257 3407 factum
279 3351 366 3408 latere
389 3364 503 3426 posset:
533 3375 632 3412 omnes
653 3358 728 3413 enim
758 3358 846 3414 colles
869 3377 902 3413 ac
924 3359 989 3414 loca
1015 3359 1172 3433 superiora,

148 3441 226 3498 unde
253 3452 313 3497 erat
339 3444 516 3516 propinquus
543 3445 692 3518 despectus
720 3448 748 3503 in
771 3467 859 3518 mare,
884 3449 919 3504 ab
943 3451 1070 3506 exercitu
1095 3461 1172 3507 tene-

149 3533 260 3589 bantur.
1146 3571 1212 3597 s„

188 3623 255 3680 XV.
283 3623 420 3697 Dejectis,
435 3633 466 3680 ut
481 3623 612 3694 diximus,
628 3628 768 3696 antennis,
784 3647 870 3701 quum
892 3629 1019 3704 singulas
1040 3630 1114 3685 binae
1138 3650 1170 3687 ac

149 3724 236 3769 ternae
251 3733 337 3769 naves
351 3713 607 3782 circumsteterant,
622 3716 727 3770 milites
741 3720 850 3774 summai
871 3720 895 3774 ri
917 3720 1121 3776 transcendere
1142 3721 1169 3777 in
1244 3740 1249 3742 ·

149 3802 273 3858 hostium
300 3823 386 3859 naves
418 3803 637 3858 contendebant.
678 3805 767 3863 Quod
793 3821 942 3880 postquam
971 3811 1083 3866 barbari
1111 3811 1168 3868 fieri

151 3889 417 3962 animadverterunt,
432 3892 601 3967 expugnatis
616 3894 809 3966 compluribus
829 3899 958 3967 navibus,
974 3917 1060 3971 quum
1083 3902 1109 3956 ei
1131 3903 1169 3957 rei
