2578 4270
27 286 38 348 [⁴
135 293 202 341 Car.
219 293 331 354 11-13.]
502 292 610 341 LIBER
631 292 793 344 TERTIUS.
1125 301 1165 360 40

5 443 7 452 '
36 456 42 485 :-
133 435 256 490 navibus
271 433 377 490 flumen
391 434 511 492 transire
526 445 675 506 conentur,
689 436 857 511 prohibeat!
898 435 930 494 P.
946 437 1081 496 Crassum
1097 458 1162 498 cum

134 527 302 582 cohortibus
316 526 480 602 legionariis
494 526 646 583 duodecim
661 540 690 584 et
704 547 809 604 magno
829 546 949 586 numero
969 530 1111 602 equitatus
1133 533 1161 587 in

134 618 323 690 Aquitaniam
336 616 480 690 proficisci
491 617 582 692 jubet,
597 636 634 674 ne
648 636 684 674 ex
697 618 741 674 his
755 619 919 676 nationibus
934 619 1039 677 auinIa
1052 621 1081 676 in
1096 621 1162 677 Gal-

132 709 204 764 liam
218 709 374 778 mittantur,
391 727 425 763 ac
438 718 524 764 tautae
545 710 675 766 nationes
696 709 915 786 conjungantur.
957 710 997 770 Q.
1013 709 1161 768 Titurium

135 801 277 879 Sabinum
282 799 416 875 ,legatum
430 817 497 854 cum
510 799 671 875 legionibus
685 801 776 856 tribus
791 802 819 856 in
834 801 961 872 Unellos,
974 801 1161 858 Curiosolitas

133 877 332 964 Lexoviosque
356 889 455 960 mittit,
478 891 527 964 qui
554 908 618 947 eam
639 910 755 948 manum
778 891 968 948 distinendam
992 903 1081 948 curet.
1122 892 1159 949 D.

133 982 257 1038 Brutum
272 981 483 1038 adolescentem
504 980 588 1038 classi
608 981 785 1055 Gallicisque
806 983 936 1052 navibuS,
951 1001 1021 1054 quas
1041 1001 1077 1039 ex
1097 981 1161 1044 Pice

131 1073 251 1130 tonibus
278 1083 306 1129 et
328 1071 465 1128 Santonis
485 1071 660 1144 reliquisque
685 1072 796 1146 pacatis
819 1072 985 1148 regionibus
1008 1073 1161 1128 convenire

127 1165 264 1240 jusserat,
278 1163 398 1238 praeficit
406 1183 413 1231 ;
436 1173 474 1232 et,
486 1181 574 1236 quum
587 1161 712 1237 primirm
725 1163 823 1237 possit,
836 1164 865 1220 in
881 1163 1007 1220 Venetos
1016 1161 1160 1238 proficisci

14 1265 17 1274 ’
52 1317 56 1325 ,
128 1255 222 1332 jubet.
263 1253 328 1327 Ipse
342 1251 377 1310 ed
392 1253 572 1328 pedestribus
586 1253 678 1328 copiis
693 1254 848 1310 contendit.

174 1343 244 1401 XII.
274 1345 364 1400 Erant
385 1344 525 1418 ejusmodi
552 1343 611 1402 fere
636 1344 708 1400 situs
735 1345 914 1420 oppidorum,
942 1355 982 1414 ut,
1009 1347 1103 1420 posita
1129 1346 1158 1404 iu

132 1436 268 1494 extremis
282 1435 398 1512 lingulis
411 1435 677 1509 promontoriisqne,
692 1453 785 1508 neque
803 1435 925 1509 pedibus
947 1436 1054 1494 aditum
1074 1435 1160 1494 habe-

133 1538 208 1598 rent,
220 1545 307 1600 quum
318 1545 353 1582 ex
367 1527 424 1582 alto
437 1545 468 1583 se
482 1537 567 1582 :estus
581 1525 766 1596 incitavisset‚
779 1526 854 1599 quod
869 1526 913 1582 bis
928 1511 1033 1587 accidit
1047 1545 1158 1602 semper

134 1621 269 1677 horarum
292 1619 354 1676 XII
378 1620 479 1693 spatio,
504 1637 597 1692 neque
619 1619 748 1688 navibus,
774 1617 860 1692 quod,
887 1638 984 1675 rursus
1011 1621 1158 1678 minuente

134 1722 216 1781 aestu,
230 1729 316 1768 naves
331 1711 360 1766 in
380 1710 459 1766 vadis
481 1710 690 1766 afflictarentur.
732 1709 777 1765 Ita
796 1709 917 1782 utraque
938 1728 969 1765 re
989 1711 1158 1784 oppidorum

134 1802 310 1878 oppugnatio
337 1800 562 1875 impediebatur3
594 1819 637 1870 ac,
660 1799 684 1856 si
708 1799 822 1872 quando
844 1799 1041 1874 magnitudine
1065 1801 1158 1874 operis

135 1896 209 1952 forte
223 1893 358 1968 superati,
374 1903 489 1948 extruso
502 1891 573 1946 mari
589 1909 693 1966 aggere
708 1909 741 1946 ac
755 1890 887 1960 molibus
904 1902 987 1963 atque
1006 1890 1050 1947 his
1070 1891 1158 1948 ferme

133 1983 232 2060 oppidi
256 1985 396 2040 ruoenibus
419 1983 582 2056 adaequatiS,
607 1982 666 2038 suis
688 1981 808 2038 fortunis
831 1981 981 2056 desperare
1002 1993 1156 2056 coeperant,

134 2096 240 2152 magno
253 2094 372 2132 numero
390 2075 505 2131 navium
527 2074 654 2148 appulsu
669 2072 750 2148 cujus
771 2073 811 2129 rei
833 2092 972 2128 summam
994 2073 1157 2130 laenitatem

136 2169 287 2237 habebant,
310 2185 361 2223 sua
384 2166 571 2241 deportabant
598 2165 703 2234 omnia,
728 2182 815 2238 seque
842 2164 872 2220 in
899 2165 1028 2238 proxima
1053 2165 1158 2238 oppida

135 2260 318 2334 recipiebant.
359 2257 404 2313 Ibi
418 2276 449 2314 se
469 2276 566 2313 rursus
587 2256 687 2312 iisdem
708 2256 966 2330 opportunitatibus
987 2255 1043 2310 loci
1062 2255 1158 2312 desen·

135 2351 247 2408 debant.
289 2349 362 2406 Haec
373 2367 408 2404 eo
419 2345 671 2420 sacilidsmaguam
681 2357 790 2419 partem
800 2347 904 2402 aestatis
915 2346 1067 2413 sumebant,
1080 2344 1157 2418 quod

87 2428 95 2440 ’
134 2453 236 2498 nostrae
251 2459 337 2496 naves
351 2439 566 2512 tempestatibus
587 2435 796 2504 detinebantur,
810 2454 977 2507 summaque
998 2448 1059 2491 erat
1080 2449 1158 2492 vasto

134 2545 219 2606 atque
234 2541 330 2604 aperto
344 2529 425 2596 mari,
440 2526 552 2600 magnis
573 2525 698 2592 aestibus,
712 2525 783 2580 raris
805 2544 838 2579 ac
858 2543 946 2598 prope
967 2525 1053 2580 nullis
1073 2527 1158 2598 porti·

133 2625 197 2691 bus,
212 2621 365 2678 difficultas
378 2615 540 2690 navigandi.
822 2680 826 2687 ¹

175 2711 260 2768 XIII.
288 2709 423 2780 Namque
438 2707 562 2780 ipsorum
578 2722 664 2760 naves
678 2703 713 2762 ad
731 2704 810 2760 hunc
831 2703 948 2760 modurn
967 2704 1048 2762 factae
1071 2725 1158 2764 arma·

134 2816 228 2875 taeque
255 2810 344 2857 erant.
395 2798 508 2854 Carinae
534 2796 678 2870 aliquanto
704 2795 857 2870 planiores,
886 2793 970 2868 quim
997 2808 1157 2856 nostrarum

136 2893 260 2963 navium,
276 2890 332 2966 quo
348 2888 462 2948 facilius
475 2888 546 2944 vada
561 2907 594 2943 ac
609 2887 758 2944 decessum
773 2886 858 2942 aestris
872 2887 1003 2961 excipere
1023 2901 1155 2962 possent:

134 3004 224 3060 prorae
244 2982 396 3040 admodum
417 2991 529 3049 erectae,
546 2990 630 3052 atque
651 2979 717 3034 item
739 2996 856 3052 puppes,
873 2977 908 3033 ad
930 2979 1156 3055 magnitudinem

133 3077 272 3134 fluctuum
287 3085 543 3150 tempestatumque
565 3067 803 3126 accommodata:
825 3087 911 3125 naves
932 3081 998 3126 totae
1020 3070 1101 3126 factae
1121 3090 1157 3128 ex

132 3169 243 3238 robore,
260 3167 295 3223 ad
309 3166 437 3240 quamvis
451 3165 508 3219 virn
526 3173 555 3218 et
576 3160 778 3217 contumeliam
798 3160 1012 3234 perferendam:
1034 3171 1157 3218 transtra

131 3260 280 3333 pedalibus
301 3258 330 3313 in
351 3255 531 3313 latitudinem
555 3252 683 3308 trabibus
704 3250 816 3307 confixa
839 3251 927 3306 clavis
951 3251 1058 3320 ferreis,
1073 3251 1156 3326 digiti

132 3349 244 3424 pollicis
271 3347 476 3404 crassitudine:
512 3362 633 3412 ancorae,
667 3361 719 3416 pro
754 3341 880 3411 funibuS,
914 3341 1011 3398 ferreis
1046 3344 1156 3399 catenis

132 3440 285 3496 revinctae:
312 3438 401 3512 pelles
424 3455 477 3510 pro
497 3434 577 3503 velie,
607 3433 746 3506 alutaeque
769 3433 893 3488 tenuiter
920 3433 1069 3502 consectae,
1097 3433 1156 3489 sive

131 3541 245 3605 propter
259 3529 310 3583 lini
326 3527 450 3606 inopiam
465 3537 548 3598 atque
563 3523 623 3598 ejus
644 3523 712 3579 ustis
733 3524 924 3590 inscientiam,
939 3524 998 3578 sive
1018 3522 1064 3590 eo,
1079 3523 1156 3593 quod

132 3633 175 3679 est
189 3619 279 3694 magis
294 3617 455 3686 verisimile,
471 3615 548 3689 quod
562 3626 654 3672 tantas
668 3625 849 3688 tempestates
868 3613 990 3681 Oceani,
1005 3623 1155 3682 tantosque

131 3714 254 3786 impetus
270 3719 418 3766 ventorum
439 3706 581 3774 sustineri,
599 3725 631 3761 ac
653 3715 732 3762 tauta
756 3724 844 3760 onera
868 3703 982 3758 navium
1004 3700 1064 3773 regi
1086 3700 1155 3758 velis

130 3801 270 3862 nonsatis
285 3798 434 3857 commode
455 3816 537 3873 posse
553 3797 768 3852 arbitrabantur.
811 3795 886 3850 Cum
901 3793 945 3846 his
960 3791 1077 3845 navibus
1092 3809 1156 3848 nos-

129 3905 180 3953 trae
195 3894 278 3951 classi
300 3889 438 3967 ejusmodi
463 3907 633 3965 congressus
647 3897 717 3955 erat,
732 3897 764 3941 ut
784 3885 842 3940 und
863 3881 1010 3938 celeritate
1028 3890 1057 3936 et
1070 3882 1155 3955 pulsu

444 3982 464 4036 5
