2566 4270
133 298 202 362 ola.
217 309 332 374 asana.)
507 307 616 358 ursan
638 307 784 357 snxrus.
1108 293 1164 368 105'
1249 269 1253 286 ”

134 453 237 512 stritus
250 463 300 511 sut
313 447 424 511 illatum
437 451 575 523 defendit,
592 461 641 510 aut
653 451 750 523 infert,
764 449 956 528 magistratus,
972 450 1021 526 qui
1039 449 1067 508 ei
1088 449 1165 510 bello

133 545 262 621 praesint,
277 557 310 602 ut
329 543 393 602 vitre
414 544 551 618 necisque
571 543 695 600 habeant
714 554 893 619 potestatem,
914 543 1087 618 deliguntur.
1128 543 1164 600 In

134 647 208 711 pace
221 636 317 692 nullus
332 635 492 692 communis
506 645 549 692 est
569 635 761 710 magistratus,
777 634 828 690 sed
847 633 992 712 principes
1012 635 1164 710 regionum

137 733 222 800 atque
235 741 373 802 pagorum
389 726 462 782 inter
476 727 544 782 suos
555 725 601 802 j'us
616 725 726 798 dicunt,
742 726 1006 800 controversiasque
1020 727 1162 784 minuunt.

136 816 302 874 Latrocinia
319 817 428 872 nullam
448 817 555 873 habent
576 817 733 888 infamiam,
748 836 811 891 quae
834 827 913 873 extra
933 817 1004 873 fines
1025 812 1164 894 cujusque

137 907 261 964 civitatis
275 907 365 977 frunt3
389 917 473 981 atque
494 925 529 964 ea
546 907 703 982 juventutis
725 907 893 964 exercendae
914 926 948 963 ac
962 907 1078 964 desidite
1093 909 1164 965 min·

137 997 239 1055 uendae
254 999 341 1056 causa
362 997 424 1055 fieri
442 998 608 1072 praedicant.
651 999 757 1072 Atque,
773 997 822 1054 ubi
845 999 908 1074 quis
931 1000 1164 1074 exprincipibus

137 1089 168 1145 in
182 1089 307 1146 concilio
320 1090 401 1161 dixit,
417 1096 466 1146 ‘se
477 1089 581 1146 ducem
596 1089 665 1160 fore,
678 1090 727 1164 qui
741 1089 822 1164 sequi
837 1089 934 1160 velint,
944 1089 1164 1165 prbfiteantur3'

137 1191 315 1256 consurgunt
339 1181 370 1251 ii,
395 1181 444 1255 qui
466 1191 495 1237 et
517 1199 632 1236 causam
655 1191 684 1238 et
705 1181 850 1237 hominem
871 1181 1002 1255 probant,
1025 1199 1165 1256 suumque

138 1272 274 1328 auxilium
298 1271 478 1347 pollicentur,
500 1274 594 1346 atque'
609 1272 644 1328 ab
668 1271 853 1328 multitudine
876 1271 1093 1330 collaudantur:
1115 1271 1164 1347 qui

136 1379 173 1419 ex
195 1363 230 1420 iis
252 1363 346 1420 secuti
369 1357 427 1420 non
448 1374 524 1434 sunt,
539 1364 569 1420 in
590 1363 767 1434 desertorum
791 1381 826 1420 ac
845 1363 1022 1438 proditorum
1044 1383 1165 1422 numero

136 1453 291 1525 ducuntur,
306 1453 491 1528 omniumque
504 1455 540 1511 tis
561 1471 654 1511 rerunt
676 1465 776 1529 postea
794 1454 866 1511 fides
886 1455 1047 1531 derogatur.
1089 1455 1165 1513 Hos·

135 1544 211 1619 in'tes
225 1545 330 1602 violare
345 1545 386 1602 fas
399 1565 458 1602 non
471 1556 588 1620 putant;
611 1545 660 1620 qui
674 1546 788 1620 quaque
807 1545 843 1602 de
864 1543 952 1603 causti
974 1536 1008 1603 ad
1030 1566 1079 1604 eos
1100 1565 1166 1604 ven·

136 1635 222 1706 erint,
248 1636 283 1692 ab
308 1636 413 1711 injurifa
436 1637 599 1712 prohibent,
624 1648 796 1710 sanctosque
823 1637 945 1706 habent;
974 1639 1009 1694 iis
1036 1639 1165 1696 omniurn

87 1731 126 1784 0
137 1725 240 1783 domus
252 1739 360 1802 patent,
374 1728 525 1802 victusque
540 1728 777 1784 communicatur.

176 1817 289 1876 XXIV.
303 1848 304 1852 ,
319 1818 366 1875 Ac
380 1817 434 1889 fult
449 1821 532 1875 antea
545 1827 667 1894 tempus,
682 1837 771 1892 quum
785 1817 945 1875 Germanos
964 1817 1041 1874 Galli
1062 1817 1165 1877 virtute

136 1921 312 1986 superarent,
328 1910 403 1966 ultro
417 1909 492 1967 bella
504 1910 652 1980 inferrent,
666 1919 779 1985 propter
794 1907 942 1966 hominurn
953 1909 1164 1967 multitudinem

137 2003 255 2077 agrique
269 2001 395 2077 inopiam
408 2015 486 2059 trans
500 2001 639 2058 Rhenum
661 2002 789 2058 colonias
800 1999 963 2058 mitterent.
1005 1999 1105 2076 Itaque
1119 1997 1163 2074 ea,

136 2110 200 2166 quae
215 2091 387 2174 fertilissima
401 2105 476 2164 sunt,
489 2093 652 2151 Germaniae
665 2092 731 2150 loca
744 2093 855 2150 circum
867 2090 1041 2168 Hercyniam
1053 2093 1165 2164 silvam,

138 2182 236 2260 (quarn
249 2183 431 2242 Eratostheni
445 2194 474 2242 et
488 2185 658 2259 quibusdam
672 2185 783 2242 Graecis
798 2185 873 2242 famfa
887 2173 983 2241 notam
998 2203 1060 2242 esse
1071 2185 1163 2256 video,

136 2292 222 2349 quam
247 2275 287 2332 illi
310 2274 468 2350 Orcyniam
493 2277 659 2355 appellant)
682 2274 780 2334 Volcae
805 2276 983 2353 Tectosages
997 2265 1164 2352 ¹occupave-

135 2376 213 2436 runt,
237 2377 328 2440 atque·
347 2365 387 2424 ibi
409 2367 610 2424 consederunt.
651 2367 728 2427 Quae
753 2386 823 2443 gens
851 2368 886 2424 ad
910 2367 966 2423 hoc
988 2379 1101 2442 tempus
1128 2367 1164 2424 iis

134 2457 260 2514 sedibus
274 2475 337 2514 sese
359 2457 498 2526 continet,
520 2461 718 2530 summamque
745 2457 832 2514 habet
852 2457 969 2533 justitia
997 2469 1026 2514 et
1053 2455 1163 2515 bellicas

133 2546 230 2605 laudis
252 2547 448 2621 opinionemt'
464 2565 543 2602 nunc
570 2545 685 2618 qudque
706 2546 736 2602 in
763 2547 865 2604 eadem
893 2547 999 2620 inopia,
1027 2559 1163 2622 egestate,

133 2635 286 2713 patientia,
301 2636 357 2708 qual
377 2635 526 2705 Germani,
539 2647 718 2710 permanent,
732 2631 833 2692 eodem
855 2636 933 2692 victu
954 2648 983 2692 et
1003 2637 1082 2693 cultu
1104 2655 1165 2694 cor-

135 2725 216 2802 poris
239 2731 373 2795 utuntur;
401 2725 492 2782 Gallis
516 2737 611 2782 autern
633 2727 787 2802 provincia
808 2727 1004 2803 propinquitas
1026 2739 1055 2784 et
1076 2739 1165 2786 trans·

137 2815 312 2874 marinarum
327 2833 420 2874 rerum
436 2816 536 2875 notitia
551 2817 639 2875 multa
654 2818 688 2875 ad
708 2817 820 2894 copiam
842 2829 927 2892 atque
948 2838 1015 2876 usus
1034 2819 1162 2896 largitur.

136 2905 280 2964 Paulatim
295 2907 447 2965 assuefacti
461 2909 598 2985 superari,
612 2909 766 2986 multisque
780 2910 848 2967 victi
862 2909 979 2985 proeliis,
994 2915 1030 2968 rie
1051 2930 1082 2969 se
1102 2913 1163 2988 qui·

136 2997 202 3056 dem
217 2998 269 3074 ipsi
284 3017 350 3056 cum
364 2999 420 3057 illis
434 2999 538 3058 virtute
552 3011 727 3076 comparant.

174 3088 273 3148 XXV.
301 3090 397 3167 Hujus
417 3090 572 3168 Hercyniae
593 3093 680 3163 silvae,
702 3112 765 3167 quae
789 3091 875 3167 supra
897 3093 1088 3152 demonstrata
1108 3111 1160 3168 est,

133 3180 256 3238 latitudo
276 3200 379 3239 novem
400 3182 512 3240 dierum
540 3183 594 3240 iter
621 3183 754 3257 expedito
777 3194 870 3258 patet:
899 3205 956 3242 non
981 3187 1057 3243 enim
1081 3187 1161 3244 aliter

134 3271 211 3328 fmiri
234 3282 337 3346 potest,
359 3291 453 3346 neque
476 3291 625 3329 mensuras
652 3270 787 3330 itinerum
814 3289 962 3334 noverunt.
1003 3277 1104 3334 Oritur
1126 3279 1161 3335 ab

135 3361 335 3420 Helvetiorum
359 3373 388 3419 et
411 3363 625 3422 Nemetumet
651 3363 853 3422 Rauracorum
882 3367 996 3438 finibus,
1024 3369 1161 3443 rectaque

134 3449 262 3509 fluminis
287 3451 414 3510 Danubii
436 3453 553 3529 regione
573 3454 696 3528 pertinet
718 3455 752 3512 ad
773 3455 845 3513 fines
865 3456 1017 3514 Dacorum·
1026 3470 1054 3516 et
1068 3459 1161 3515 Anar-

134 3544 226 3599 tium:
248 3541 317 3598 hinc
337 3561 368 3598 se
388 3542 478 3600 flectit
498 3543 685 3616 sinistrorsus,
701 3545 819 3604 diversis
841 3547 875 3603 ab
898 3549 1016 3605 flumine
1038 3548 1160 3622 regioni-

134 3633 198 3701 bus,
213 3632 423 3707 multarumque
437 3635 565 3710 gentium
578 3635 649 3693 fines
662 3648 776 3712 propter
788 3639 1014 3713 magnitudinem
1028 3639 1158 3714 attingit:

134 3739 228 3797 neque
252 3721 400 3796 quisquam
425 3733 468 3780 est
491 3722 574 3801 hujus
597 3727 770 3799 Germaniae,
793 3729 841 3802 qui
869 3749 899 3786 se
928 3739 974 3784 aut
1003 3727 1095 3784 adisse
1123 3729 1159 3786 ad

134 3813 248 3872 initium
263 3813 324 3889 ejus
337 3813 414 3871 silvae
429 3815 515 3887 dicat,
531 3835 618 3891 quum
633 3817 744 3875 dierum
759 3819 813 3875 iter
827 3817 882 3875 LX
903 3817 1083 3892 processerit,
1100 3831 1158 3894 aut,

134 3923 191 3984 quo
210 3923 250 3965 ‘ex
269 3903 336 3967 loco
357 3904 475 3978 oriatur,
491 3909 642 3986 acceperit.
684 3905 779 3966 Mults
800 3908 829 3965 in
854 3909 888 3964 ab
909 3923 1015 3982 genera
1036 3907 1159 3972 ferarum
