2566 4270
119 291 179 356 m
443 287 495 336 on·
513 285 630 338 sunno
653 285 811 336 caturco
948 285 1026 350 [cn.
1043 249 1151 336 m-aa.

118 433 181 510 ipss
193 431 289 490 animo
307 449 367 488 non
387 429 542 499 defecerat,
556 438 637 486 tanto
657 437 776 502 accepto
796 414 991 497 incommodo,
1004 445 1103 502 neque
1115 447 1151 487 se

118 523 147 580 in
171 523 317 580 occultum
340 521 497 589 abdiderat,
525 531 554 578 et
581 529 768 592 conspectum
794 518 987 576 multitudinis
1014 519 1148 595 fugerat:

116 614 237 688 plusque
252 613 347 670 animo
364 612 513 686 providere
533 621 563 668 et
581 610 748 685 praesentire
768 609 995 680 existimabatur,
1009 610 1101 684 quod,
1115 629 1149 668 re

117 703 239 778 integral,
253 702 346 777 primo
367 701 580 760 incendendum
601 701 769 770 Avaricum,
783 698 848 774 post
868 700 1058 758 deserendum
1079 719 1148 758 cena

116 805 219 850 suerat.
261 793 363 867 Itaque
377 803 408 850 ut
420 794 595 866 reliquorum
610 792 812 865 imperatorum
826 809 872 847 res
886 791 1010 848 adversm
1032 803 1148 848 auctor·

117 883 216 942 itatem
237 885 380 953 minuunt,
402 885 445 940 sic
470 885 554 959 hujus
575 901 611 940 ex
634 883 779 940 contrario
802 881 936 957 dignitas,
959 881 1147 940 incommodo

118 986 247 1048 accepto,
275 975 305 1031 in
332 975 395 1035 dies
422 975 594 1050 augebatur:
623 973 708 1030 simul
736 973 766 1028 in
793 991 873 1046 spem
900 973 1055 1030 veniebant
1083 975 1146 1048 ejus

117 1065 314 1134 affirmatione,
339 1065 375 1122 de
398 1065 516 1138 reliquis
539 1063 727 1139 adjungendis
751 1063 932 1132 civitatibus;
959 1062 1145 1138 primirmque

117 1173 153 1212 eo
166 1170 293 1230 tempore
307 1156 383 1212 Galli
398 1167 492 1215 castra
505 1157 617 1212 munire
638 1155 832 1222 instituerunt,
846 1164 875 1210 et
895 1153 938 1210 sic
958 1164 1025 1210 sunt
1046 1155 1145 1212 auimo

117 1246 291 1304 consternati
307 1246 436 1302 homines
457 1246 561 1302 insueti
582 1245 697 1314 laboris,
712 1255 744 1300 ut
763 1244 870 1315 omnia,
885 1263 948 1318 quae
969 1245 1145 1320 imperaren-

115 1345 172 1405 tur,
185 1336 239 1392 sibi
254 1336 389 1410 patienda
402 1347 430 1392 et
443 1335 612 1409 perferenda
625 1335 827 1393 existimarent.

153 1425 271 1487 XXXI.
299 1425 366 1482 Nec
380 1425 485 1494 minias,
501 1423 587 1498 qulam
608 1436 650 1481 est
671 1425 826 1499 pollicitus,
840 1425 1061 1500 Vercingetorix
1082 1426 1142 1483 ani-

114 1535 162 1573 mo
183 1517 339 1586 laborabat,
368 1527 399 1572 ut
420 1515 543 1588 reliquas
571 1515 701 1572 civitates
725 1515 900 1590 adjungeret,
929 1525 1013 1589 atque
1040 1534 1140 1574 earum

113 1607 258 1684 principes
279 1607 361 1662 donis
381 1606 692 1680 pollicitationibusque
717 1606 869 1662 alliciebat.
911 1605 991 1662 Huic
1014 1606 1058 1662 rei
1080 1607 1140 1663 ido·

63 1741 65 1749 ,
114 1717 184 1756 neos
199 1699 328 1754 homines
342 1697 495 1772 deligebat,
509 1715 629 1770 quorum
647 1697 767 1770 quisque
789 1707 838 1753 aut
857 1695 986 1753 oratione
1006 1697 1139 1768 subdola,

116 1801 164 1846 aut
188 1789 315 1846 amicitiai
338 1786 472 1844 facillime
496 1788 560 1861 capi
583 1798 687 1861 posset.
738 1787 801 1846 Qui
823 1787 950 1843 Avarico
975 1799 1140 1863 expugnato

114 1880 293 1954 refugerant,
303 1879 452 1936 armandos
466 1878 683 1952 vestiendosque
694 1888 783 1933 curat.
826 1878 928 1947 Simul,
940 1887 971 1934 nt
983 1878 1138 1935 deminutae

115 1967 205 2039 copiae
235 1965 505 2044 redintegrarentur,
536 1969 656 2043 imperat
686 1978 795 2024 certum
829 1986 979 2046 numerum
1014 1968 1137 2026 militum

115 2056 287 2127 civitatibus,
305 2077 390 2131 quem
411 2071 439 2115 et
459 2078 543 2133 quam
569 2069 634 2115 ante
658 2058 735 2114 diem
757 2058 786 2114 in
809 2069 903 2116 castra
925 2058 1028 2114 adduci
1050 2059 1137 2128 velit3

114 2146 331 2220 sagittariosque
354 2167 463 2218 omnes,
486 2168 607 2222 quorum
631 2161 690 2206 erat
715 2167 888 2224 permagnus
915 2149 945 2204 in
968 2149 1064 2204 Gallia
1085 2169 1138 2206 uu·

113 2253 218 2305 merus,
233 2237 364 2310 conquiri
384 2249 413 2294 et
436 2239 471 2293 ad
493 2257 524 2294 se
545 2240 619 2296 mitti
640 2239 730 2313 jubet
772 2239 827 2294 His
848 2239 933 2295 rebus
951 2239 1081 2296 celeriter
1096 2240 1136 2310 id,

113 2326 188 2398 quod
203 2326 320 2384 Avarici
332 2327 500 2402 deperierat,
515 2329 651 2403 expletur.
692 2329 811 2386 Interim
822 2329 1023 2400 Teutomatus,
1037 2329 1137 2386 Ollov-

112 2414 205 2475 iconis
225 2417 309 2487 filius,
330 2437 379 2475 rex
399 2418 607 2494 Nitiobrigum,
627 2419 709 2494 cujus
731 2432 811 2494 pater
837 2420 873 2476 ab
900 2421 1009 2476 Senatu
1037 2432 1135 2477 nostro

113 2507 222 2565 auricus
235 2519 296 2565 erat
311 2509 475 2583 appellatus,
491 2528 557 2566 cum
572 2529 677 2584 magno
690 2511 817 2582 equitum
832 2529 948 2566 suorum
962 2529 1091 2581 numero,
1107 2521 1135 2568 et

111 2619 182 2675 quos
197 2619 231 2658 ex
246 2599 403 2674 Aquitania
418 2599 603 2671 conduxerat,
619 2601 654 2656 ad
668 2619 734 2656 eum
748 2601 884 2674 pervenit.

149 2690 282 2748 XXXII.
311 2691 418 2761 Caesar,
440 2690 558 2748 Avarici
579 2690 739 2764 complures
758 2691 819 2746 dies
843 2701 1044 2761 commoratus,
1058 2711 1134 2748 sum·

110 2799 243 2854 mamque
265 2781 305 2837 ibi
332 2782 444 2855 copiam
472 2780 606 2836 frumenti
633 2791 662 2836 et
688 2781 791 2853 reliqui
817 2781 994 2838 commeatis
1020 2795 1132 2853 nactus,

110 2870 269 2925 exercitum
289 2888 325 2926 ex
344 2871 441 2927 labore
466 2881 550 2944 atque
571 2870 667 2943 inopia
691 2871 800 2928 refecit.
842 2871 908 2928 Jam
929 2891 1017 2946 prope
1039 2873 1132 2930 hieme

110 2957 355 3029 confectd,·quum
369 2959 432 3032 ipso
453 2961 519 3018 anni
540 2971 667 3034 tempore
689 2961 725 3017 ad
745 2961 902 3036 gerendum
924 2963 1029 3018 bellum
1051 2983 1133 3020 voca-

109 3057 196 3116 retur,
212 3046 289 3103 etad
305 3047 414 3104 hostem
427 3051 571 3124 proficisci
585 3051 788 3122 constituisset,
803 3051 862 3108 sive
882 3071 948 3108 eum
969 3070 1003 3108 ex
1023 3053 1132 3127 paludi-

109 3137 163 3192 bus
176 3136 310 3209 silvisque
324 3137 438 3209 elicere,
454 3141 514 3197 sive
536 3142 684 3198 obsidione
705 3161 834 3217 premere
853 3153 966 3218 posset;
988 3143 1075 3219 legati
1096 3146 1130 3202 ad

108 3225 332 3300 comprincipes
352 3227 513 3288 AEduorum
535 3233 654 3289 veniunt
674 3243 795 3303 oratum,
817 3239 867 3289 ‘ut
890 3232 1013 3290 maxime
1034 3253 1131 3294 neces·

108 3315 183 3370 sario
195 3327 323 3388 ternpore
337 3316 444 3375 civitati
460 3321 626 3380 subveniat:
647 3342 759 3380 summo
778 3341 841 3380 esse
861 3323 891 3380 in
911 3325 1041 3398 periculo
1060 3343 1129 3396 rem,

107 3401 194 3475 quod,
210 3423 298 3476 quum
313 3406 418 3481 singuli
432 3410 614 3482 magistratus
627 3414 783 3486 antiquitus
800 3414 901 3483 creari,
918 3425 1001 3486 atque
1022 3415 1128 3488 regiam

107 3504 273 3565 potestatem
303 3513 427 3552 annuam
454 3499 583 3557 obtinere
616 3503 814 3573 consuessent,
842 3504 901 3560 duo
933 3504 1129 3578 magistratum

106 3598 215 3657 gerant,
230 3596 302 3640 etse
318 3597 436 3658 uterque
451 3605 548 3644 eorum
573 3591 683 3666 legibus
707 3605 835 3650 creatum
856 3611 919 3650 esse
943 3594 1027 3650 dicat.
1070 3595 1129 3652 Ho-

106 3690 245 3732 ramesse
264 3676 383 3732 alterum
404 3677 672 3748 Conuictolitauem,
687 3682 834 3740 florentem
856 3696 884 3740 et
906 3684 1042 3740 illustrem
1064 3685 1129 3742 ado-

104 3761 278 3834 lescentem;
302 3767 420 3824 alterum
442 3767 557 3838 Cotum,
579 3771 775 3843 antiquissima
790 3773 898 3830 familiai
913 3785 1023 3844 natum,
1042 3786 1127 3848 atque

104 3847 197 3927 ipsum
211 3853 355 3912 hominem
369 3875 487 3912 summas
499 3859 634 3929 potentias
648 3870 677 3914 et
695 3877 806 3934 magna
827 3863 1023 3936 cognationi&
1045 3864 1127 3940 cuijus
