2566 4270
123 319 181 380 [ῃ
448 313 497 364 Du
520 311 637 363 Bucco
660 309 820 362 GALLICO
955 313 1034 378 [Cur.
1050 313 1158 363 25—27.

121 459 224 530 noctis,
239 465 424 535 pugnaretur,
445 475 615 532 semperque
635 456 765 514 hostibus
789 473 854 531 spes
878 455 1006 513 victoria
1029 455 1159 513 redinte-

122 561 259 627 graretur,
275 568 310 606 eo
323 549 426 625 magis,
442 549 519 623 qudd
533 549 649 604 deustos
662 549 774 623 pluteos
794 547 916 603 turrium
939 548 1084 617 videbant,
1100 565 1159 603 nec

122 641 206 699 facile
223 641 301 698 adire
316 653 428 715 apertos
449 640 484 696 ad
507 640 703 696 auxiliandum
725 638 1007 708 animadvertebant;
1030 657 1160 712 semper-

122 749 177 806 que
192 732 246 807 ipsi
260 743 391 788 recentes
404 732 524 788 defessis
545 731 746 799 succederent,
761 747 934 803 omnemque
954 729 1057 786 Galliae
1082 731 1160 785 salu-

121 831 179 880 tem
204 823 234 878 in
258 823 307 879 illo
331 823 453 898 vestigio
473 823 610 897 temporis
632 821 756 896 positam
781 821 1002 890 arbitrarentur;
1036 821 1158 889 accidit,

123 913 351 986 inspectantibus
364 914 457 982 nobis,
472 913 559 986 quod,
574 913 695 988 dignum
709 911 848 968 memoria
870 912 971 982 visum,
985 913 1160 986 praetermit-

122 1003 242 1060 tendum
256 1021 315 1059 non
329 1003 563 1060 existimavimus.
603 1003 735 1063 Quidam
750 1013 816 1058 ante
835 1013 946 1077 portam
967 1002 1066 1077 oppidi
1088 1003 1160 1058 Gal-

123 1091 178 1163 lus,
203 1094 252 1168 qui
275 1111 326 1169 per
351 1113 453 1150 manus
477 1094 537 1150 sevi
558 1111 593 1150 ac
613 1093 687 1168 picis
709 1091 827 1150 traditas
848 1094 947 1170 glebas
967 1094 996 1150 in
1019 1094 1118 1169 ignem
1142 1111 1160 1150 e

123 1185 242 1261 regione
256 1185 343 1242 turris
356 1186 535 1260 projiciebat,
550 1185 702 1259 scorpione
717 1185 752 1240 ab
766 1185 854 1241 latere
869 1185 969 1241 dextro
982 1175 1160 1259 transjectus

124 1275 360 1350 exanimatusque
384 1273 521 1333 concidit.
573 1276 662 1332 Hunc
686 1293 721 1332 ex
745 1275 882 1350 proximis
909 1291 984 1331 unus
1008 1275 1158 1350 jacentem

123 1369 328 1440 transgressus,
353 1367 527 1424 eodemillo
550 1383 671 1423 munere
695 1365 887 1441 fungebatur:
919 1365 1020 1422 eadem
1043 1365 1160 1422 ratione

124 1454 184 1512 ictu
210 1456 369 1531 scorpionis
393 1457 556 1514 exanimato
584 1457 682 1527 altero,
708 1457 849 1513 successit
875 1457 985 1525 tertius,
1013 1467 1043 1512 et
1069 1457 1161 1512 tertio

124 1558 261 1618 quartus;
282 1565 338 1603 nec
356 1547 436 1621 priris
458 1548 505 1604 ille
526 1558 569 1604 est
590 1567 607 1603 a
625 1548 887 1623 propugnatoribus
908 1565 1015 1602 vacuus
1037 1547 1161 1603 relictus

124 1633 216 1705 locus,
230 1637 326 1711 qndm,
342 1639 480 1694 restincto
495 1657 610 1713 aggere,
626 1649 711 1712 atque
731 1638 810 1694 omni
831 1649 912 1712 parte
932 1639 1072 1695 submotis
1094 1638 1160 1694 bos·

60 1763 65 1770 -
124 1726 211 1798 tibus,
226 1727 291 1785 finis
304 1741 347 1786 est
361 1729 507 1804 pugnandi
523 1729 624 1786 sactus.

165 1819 279 1876 xxvi.
308 1819 416 1876 Omnia
443 1821 551 1895 experti
574 1819 662 1891 Galli,
690 1818 768 1894 qudd
792 1839 838 1876 res
859 1819 939 1876 nulla
965 1829 1158 1889 successerat,

125 1921 241 1985 postero
261 1911 309 1967 die
333 1911 485 1968 consilium
507 1923 646 1986 ceperunt
660 1929 695 1968 ex
716 1912 823 1986 oppido
841 1911 1004 1986 profugere,
1023 1911 1159 1967 hortante

126 2013 154 2056 et
165 2002 284 2073 jubente
314 2001 559 2078 Vercingetorige.
614 2001 658 2070 Id,
685 2002 801 2059 silentio
834 2002 928 2057 noctis
961 2001 1068 2071 conati,
1097 2019 1157 2057 uon

125 2092 230 2164 magua
256 2090 369 2164 jactura
398 2112 515 2150 suorum
544 2111 607 2150 sese
634 2093 787 2149 effecturos
815 2091 976 2167 sperabant,
1004 2105 1158 2166 propterca

126 2180 202 2252 quod
219 2195 311 2252 neque
327 2181 411 2256 longe
429 2183 464 2238 ab
478 2183 584 2256 oppido
598 2196 692 2245 castra
712 2183 961 2258 Vercingetorigis
982 2183 1111 2252 aberant,
1127 2193 1155 2239 et

126 2271 207 2346 palus
227 2284 374 2344 perpetua,
396 2291 459 2344 quae
483 2273 690 2343 intercedebat,
712 2273 862 2330 Romanos
887 2273 922 2329 ad
946 2273 1156 2347 insequendum

126 2361 264 2416 tardabat.
305 2359 428 2436 Jamque
443 2363 498 2419 hoc
513 2363 609 2420 facere
629 2375 716 2420 noctu
740 2365 924 2439 apparabant,
940 2383 1027 2438 quum
1049 2375 1157 2420 matres

127 2450 242 2508 familiae
258 2451 374 2526 repentd
390 2453 418 2509 in
439 2454 588 2527 publicum
609 2466 824 2529 procurrerunt,
839 2455 1006 2529 flentesque,
1020 2457 1156 2530 projectae

128 2542 162 2599 ad
187 2543 274 2617 pedes
296 2561 421 2614 suorum,
436 2545 570 2601 omuibus
592 2547 728 2621 precibus
750 2547 903 2620 petierunt,
917 2565 955 2602 ne
975 2564 1006 2602 se
1029 2557 1058 2603 et
1078 2565 1157 2602 com-

7 2619 8 2628 *
30 2713 35 2724 ·
92 2677 101 2691 .
127 2653 228 2690 munes
242 2635 347 2691 liberos
361 2635 490 2692 hostibus
505 2636 539 2692 ad
553 2637 727 2712 supplicium
742 2637 889 2707 dederent,
904 2656 976 2710 quos
991 2637 1025 2693 ad
1040 2637 1157 2712 capien-

127 2724 193 2781 dam
208 2725 302 2800 sugam
318 2739 426 2783 naturae
440 2738 469 2783 et
482 2727 585 2784 virium
605 2728 754 2784 infirmitas
775 2727 934 2802 impediret.
976 2727 1033 2784 Ubi
1053 2746 1103 2784 eos
1124 2729 1155 2785 in

127 2817 268 2871 sententia
292 2831 417 2890 perstare
441 2818 581 2888 viderunt,
596 2817 673 2891 quod
687 2817 855 2892 plerumque
877 2819 906 2874 in
929 2837 1041 2875 summo
1063 2819 1156 2893 peric-

128 2903 176 2959 ulo
197 2904 281 2959 timor
304 2907 528 2965 misericordiam
550 2927 608 2965 non
622 2909 733 2983 recipit,
749 2909 929 2965 conclamare
943 2921 972 2965 et
992 2909 1155 2984 significare

128 2991 163 3050 de
184 2993 252 3068 fuga
274 2993 414 3052 Romanis
435 3010 590 3074 cooperunt.
631 2999 703 3061 Quo
726 3000 828 3056 timore
851 2999 992 3074 perterriti
1015 3000 1100 3070 Galli,
1116 3019 1154 3056 ne

129 3083 164 3138 ab
179 3084 306 3157 equitatu
327 3083 525 3146 Romanorum
547 3091 599 3148 viae
619 3101 900 3166 preoccuparentur,
916 3091 1038 3148 oonsilio
1057 3091 1155 3148 destit-

128 3184 219 3230 erunt.

138 3272 141 3280 '
166 3261 295 3322 XXVII.
324 3265 442 3325 Postero
456 3270 503 3325 die
517 3269 624 3342 Caesar,
638 3273 768 3347 promota
783 3272 864 3342 turri,
879 3272 1054 3345 directisque
1074 3289 1155 3346 oper·

128 3353 202 3423 ibus,
217 3375 280 3428 quae
295 3357 388 3414 lacere
404 3359 574 3430 instituerat,
590 3383 695 3439 magno
713 3373 812 3420 coorto
833 3363 927 3432 imbri,
942 3375 1001 3418 non
1022 3363 1153 3418 inutilem

128 3443 203 3501 hanc
232 3447 266 3502 ad
291 3449 461 3521 capiendum
488 3453 639 3509 consilium
664 3466 861 3529 tempestatem
890 3454 1051 3522 arbitratus,
1076 3452 1153 3526 qudd

127 3537 234 3612 paulo
228 3538 371 3594 incautius
386 3541 550 3596 custodias
544 3562 572 3597 m
588 3563 671 3600 muro
687 3545 837 3620 dispositas
858 3545 982 3613 videbat,
997 3563 1064 3600 suos
1084 3541 1154 3616 qud-

128 3633 183 3702 que
207 3627 401 3704 languidius
394 3650 423 3686 m
448 3649 534 3704 opere
558 3635 662 3690 versari
688 3635 782 3710 jussit,
807 3647 845 3706 et,
873 3636 942 3709 quid
970 3633 1031 3692 fieri
1058 3635 1153 3734 vellet,

65 3745 70 3754 ·
127 3721 259 3778 ostendit
302 3719 644 3798 Legionesintravineas
665 3727 694 3782 in
716 3728 832 3783 occulto
855 3726 1002 3802 expeditas
1024 3697 1154 3782 cohorta-
1233 3797 1236 3806 Ι

127 3819 183 3884 tur,
198 3812 395 3908 utaliquando
407 3832 460 3891 pro
473 3822 534 3869 tant
523 3813 560 3869 tis
579 3815 725 3874 laboribus
746 3818 871 3875 fructum
895 3815 1022 3874 victoriae
1042 3813 1154 3892 percip-
