2566 4270
132 285 203 334 Car.
219 285 334 348 27-30]
493 285 599 336 LIBER
621 285 806 338 SEPTIMUS.
1107 291 1164 359 ω

132 437 237 485 erent:
258 427 313 498 his,
336 427 386 502 qui
407 428 492 503 primi
512 448 626 487 murum
648 431 853 501 ascendissent,
866 431 984 507 premia
1005 436 1162 510 proposuit,

134 518 334 592 militibusque
357 519 470 594 signum
492 520 578 578 dedit.
630 521 677 577 Illi
700 520 795 580 subito
823 540 859 578 ex
880 523 1013 580 omnibus
1033 526 1162 597 partibus

134 609 331 680 evolaverunt,
346 629 514 685 murumque
528 612 659 668 celeriter
673 613 894 686 compleverunt.

178 699 323 756 XXVIII.
352 699 468 772 Hostes,
483 720 514 759 re
537 703 610 758 noval
633 703 786 778 perterriti,
808 723 890 760 muro
912 703 1094 778 turribusque
1115 705 1163 762 de·

134 789 218 864 jecti,
233 790 262 846 in
277 790 337 846 foro
353 809 387 846 ac
406 791 480 848 locis
498 793 706 867 patentioribus
726 794 872 851 cuneatim
893 795 1090 865 constiterunt,
1105 796 1162 852 hoc

137 881 246 949 animo,
260 891 300 950 ut,
316 880 340 937 si
363 882 419 955 qual
442 900 478 938 ex
497 893 577 958 parte
600 883 714 940 obviam
736 883 837 940 contre
860 885 1013 955 veniretur,
1035 887 1097 942 acic
1121 886 1163 942 in-

136 971 248 1026 structa
263 971 468 1047 depugnarent.
509 973 567 1030 Ubi
580 975 726 1030 neminem
747 975 777 1031 in
798 993 911 1048 aequum
930 975 1026 1030 locum
1039 993 1101 1032 sese
1115 976 1163 1032 de·

137 1061 253 1118 mittere
266 1062 317 1118 sed
331 1072 392 1118 toto
405 1063 532 1137 undique
550 1082 633 1120 muro
653 1064 846 1120 circumfundi
866 1064 1007 1134 viderunt,
1020 1065 1113 1134 veritI,
1126 1081 1164 1122 ne

137 1151 258 1208 omnino
268 1170 333 1226 spes
346 1152 420 1228 sugae
434 1153 590 1224 tolleretur,
607 1154 725 1230 abjectis
741 1154 835 1225 armis,
850 1154 965 1211 ultimas
984 1155 1082 1230 oppidi
1101 1173 1164 1229 par·

138 1253 184 1298 tes
208 1243 367 1300 continenti
391 1245 499 1318 impetu
522 1245 703 1319 petiverunt:
724 1263 846 1320 parsque
867 1245 917 1314 ibi,
933 1263 1021 1319 quum
1043 1255 1164 1320 angusto

137 1344 282 1408 portarum
298 1333 375 1390 exitu
389 1352 420 1390 se
434 1334 487 1408 ipsi
500 1346 671 1409 premerent,
691 1354 708 1392 a
721 1335 868 1405 militibus,
889 1354 964 1410 pars,
976 1335 1035 1412 jam
1049 1353 1164 1412 egressa

138 1424 239 1498 portis,
265 1424 300 1479 ab
327 1424 471 1497 equitibus
497 1435 540 1482 est
567 1425 732 1483 interfecta:
763 1444 819 1482 nec
845 1426 899 1482 suit
926 1426 1085 1500 quisquam,
1113 1425 1163 1499 qui

138 1515 243 1589 prades
257 1515 409 1581 studeret..
432 1515 483 1572 Sic
497 1526 526 1572 et
539 1516 704 1573 Cenabensi
718 1517 798 1574 oaede
818 1527 847 1574 et
866 1517 964 1573 labore
984 1517 1077 1590 operis
1091 1516 1162 1572 inci·

141 1605 203 1675 tati,
218 1624 274 1662 non
290 1616 371 1661 aetate
386 1606 535 1676 conlectis,
550 1626 607 1662 non
622 1607 797 1677 mulieribus,
812 1625 870 1662 non
891 1606 1046 1663 infantibus
1065 1625 1163 1680 peper-

142 1707 251 1752 cerunt.
293 1696 427 1770 Denique
449 1715 485 1752 ex
505 1697 584 1752 omni
607 1715 643 1752 eo
665 1715 794 1766 numero,
817 1697 866 1770 qni
889 1697 942 1752 suit
965 1696 1079 1752 citciter
1106 1696 1163 1753 XL

142 1787 273 1856 millium,
288 1788 334 1843 vix
358 1787 478 1856 DCCC,
493 1787 542 1860 qui
565 1787 659 1860 prImo
682 1787 807 1844 clamore
829 1786 926 1843 audito
947 1803 978 1842 se
1001 1803 1037 1842 ex
1059 1786 1164 1860 oppido

141 1879 295 1952 ejecerant,
316 1877 474 1934 incolumes
495 1877 529 1933 ad
553 1877 821 1953 Vercingetorigem
840 1885 1038 1952 pervenerunt.
1078 1876 1164 1936 Quos

142 1969 200 2038 ille,
215 1969 304 2024 multd
316 1968 373 2042 jam
388 1957 483 2038 nocte,
498 1967 613 2024 silentio
631 1986 666 2024 ex
687 1967 755 2044 sugat
775 1967 897 2042 excepit,
913 1961 1041 2042 (veritus,
1056 1985 1164 2040 nequa

141 2061 172 2116 in
200 2059 301 2115 castris
328 2077 363 2115 ex
389 2077 487 2116 eorum
516 2077 660 2116 concursu
684 2069 713 2116 et
735 2049 933 2116 misericordia
956 2057 1034 2133 vulgi
1061 2058 1164 2116 seditio

141 2151 287 2227 oriretur‚)
304 2161 343 2220 ut,
358 2151 457 2224 procul
473 2150 501 2206 in
516 2150 561 2207 viti
580 2150 723 2224 dispositis
744 2149 930 2206 familiaribus
950 2148 1010 2204 suis
1028 2147 1164 2222 principi-

142 2243 251 2314 busque
266 2241 421 2311 civitatum,
437 2241 621 2315 disparandos
635 2240 875 2314 deducendosque
896 2239 932 2295 ad
952 2257 1019 2294 suos
1039 2247 1162 2308 curaret,

141 2351 205 2404 quae
220 2332 324 2406 cuique
338 2332 445 2388 civitati
460 2351 526 2405 pars
539 2343 696 2387 castrorum
712 2331 747 2386 ab
761 2330 844 2386 initio
856 2331 1018 2386 obvenerat.

182 2421 297 2478 XXIX.
326 2422 445 2478 Postero
458 2422 505 2476 die
526 2421 651 2476 concilio
671 2430 837 2489 convocate,
852 2419 1016 2476 consolatus
1036 2417 1165 2476 cohorta-

140 2523 244 2585 tusque
257 2522 310 2580 est,
326 2519 382 2566 ‘ne
396 2529 427 2566 se
442 2508 594 2564 admodum
610 2509 705 2564 animo
725 2508 915 2576 demitterent,
929 2525 1001 2563 nere
1020 2508 1166 2580 perturba·

143 2613 240 2658 rentur
268 2598 469 2656 incommodo:
497 2615 555 2658 non
579 2597 683 2652 virtute
709 2614 802 2668 neque
829 2597 859 2652 in
887 2596 950 2652 acie
977 2595 1079 2652 vicisse
1106 2595 1166 2652 Ro·

144 2709 254 2758 manos,
269 2688 320 2744 sed
335 2687 456 2743 artificio
469 2684 591 2759 quodam
606 2695 634 2742 et
647 2685 767 2742 scientia
785 2683 1015 2760 oppugnationis,
1030 2683 1112 2759 cujus
1124 2685 1165 2742 rei

146 2781 252 2837 fuerint
277 2778 329 2853 ipsi
353 2777 492 2852 imperiti:
513 2794 616 2847 errare,
632 2776 656 2833 si
678 2775 727 2849 qui
749 2776 778 2832 in
802 2775 877 2832 bello
899 2792 999 2832 omnes
1024 2775 1166 2835 secundos

146 2889 240 2927 rerum
256 2879 408 2943 proventus
421 2877 603 2942 exspectent:
625 2867 679 2924 sibi
694 2885 840 2941 nunquam
853 2865 995 2940 placuisse
1009 2865 1165 2924 Avaricum
1267 2865 1271 2874 ’

147 2960 271 3030 delendi,
287 2960 368 3036 cujus
381 2959 422 3016 rei
437 2969 523 3016 testes
537 2957 612 3033 ipsos
625 2959 760 3028 haberet;
782 2957 832 3014 sed
846 2957 953 3014 factum
974 2956 1165 3032 imprudenti&

146 3051 307 3128 Biturigum
322 3061 349 3108 et
363 3050 452 3108 nimia
466 3049 653 3123 obsequentia
674 3049 857 3122 reliquorum,
871 3044 915 3104 uti
935 3047 990 3104 hoc
1010 3047 1166 3110 incommo-

144 3143 212 3200 dum
237 3143 431 3217 acciperetur:
461 3141 490 3198 id
511 3151 659 3198 tamense
682 3137 813 3194 celeriter
833 3137 987 3212 majoribus
1007 3138 1166 3194 commodis

144 3243 317 3290 sanaturum.
358 3231 436 3288 Nam
450 3251 513 3305 quae
529 3230 564 3286 ab
577 3229 695 3302 reliquie
713 3227 804 3284 Gallia
823 3227 957 3286 civitates
972 3227 1164 3298 dissentirent,

144 3323 197 3382 has
217 3323 268 3378 sud
289 3321 439 3396 diligantid
460 3320 672 3395 adjunctarum,
688 3327 771 3391 atque
792 3337 881 3374 unum
903 3317 1055 3374 consilium
1078 3317 1165 3374 totius

144 3411 246 3470 Galliae
267 3411 445 3481 effecturum,
460 3410 542 3486 cujus
566 3427 708 3466 consensu
731 3425 769 3465 ne
789 3407 865 3465 orbis
888 3408 1003 3482 quidem
1026 3417 1165 3464 terrarum

145 3502 235 3580 possit
248 3501 403 3558 obsistere:
425 3501 555 3574 idquese
567 3517 655 3575 prope
672 3499 732 3575 jam
745 3498 878 3556 effectum
898 3497 1010 3554 habere.
1051 3494 1166 3551 Interea

146 3611 260 3668 aequum
274 3609 337 3648 esre
352 3590 386 3646 ab
401 3590 437 3646 iis
451 3590 611 3646 communis
624 3589 723 3646 salutis
743 3589 831 3646 causa
852 3586 1053 3662 impetrarint
1073 3591 1167 3638 castra

149 3683 261 3742 munire
284 3680 474 3750 instituerent,
496 3677 553 3754 qub
578 3677 692 3736 sacilibs
713 3679 878 3754 repentinos
900 3675 1025 3733 hostium
1044 3671 1167 3744 impetus

146 3773 286 3832 sustinere
298 3769 432 3846 possent’

186 3860 286 3920 XXX.
315 3859 384 3918 Fuit
408 3860 470 3916 haec
488 3859 580 3916 oratio
602 3877 661 3916 non
681 3856 794 3934 ingrata
812 3852 913 3922 Gallis,
935 3843 1069 3919 maxime,
1090 3841 1167 3922 qubd

384 3947 449 4006 11*
