<?xml version="1.0" encoding="UTF-8"?>
<!DOCTYPE html PUBLIC "-//W3C//DTD XHTML 1.0 Transitional//EN"
    "http://www.w3.org/TR/xhtml1/DTD/xhtml1-transitional.dtd">
<html xmlns="http://www.w3.org/1999/xhtml" xml:lang="en" lang="en">
 <head>
  <title>
</title>
<meta http-equiv="Content-Type" content="text/html;charset=utf-8" />
  <meta name='ocr-system' content='tesseract 3.04.00' />
  <meta name='ocr-capabilities' content='ocr_page ocr_carea ocr_par ocr_line ocrx_word'/>
</head>
<body>
  <div class='ocr_page' id='page_1' title='image "./cjuliuscaesarsc00caesgoog_0054.png"; bbox 0 0 2578 4270; ppageno 0'>
   <div class='ocr_carea' id='block_1_1' title="bbox 109 330 1171 402">
    <p class='ocr_par' dir='ltr' id='par_1_1' title="bbox 109 330 1171 402">
     <span class='ocr_line' id='line_1_1' title="bbox 109 330 1171 402; baseline -0.012 -12"><span class='ocrx_word' id='word_1_1' title='bbox 109 333 164 390; x_wconf 65' lang='lat' dir='ltr'>&#39;ll</span> <span class='ocrx_word' id='word_1_2' title='bbox 462 331 508 380; x_wconf 79' lang='lat' dir='ltr'>DI}</span> <span class='ocrx_word' id='word_1_3' title='bbox 532 331 647 380; x_wconf 80' lang='lat' dir='ltr'>RELLO</span> <span class='ocrx_word' id='word_1_4' title='bbox 671 330 832 380; x_wconf 75' lang='lat' dir='ltr'>Gannico</span> <span class='ocrx_word' id='word_1_5' title='bbox 966 331 1171 402; x_wconf 40' lang='lat' dir='ltr'>[Cardia-231,</span> 
     </span>
    </p>
   </div>
   <div class='ocr_carea' id='block_1_2' title="bbox 53 473 1169 3998">
    <p class='ocr_par' dir='ltr' id='par_1_2' title="bbox 127 473 1169 1368">
     <span class='ocr_line' id='line_1_2' title="bbox 127 473 1169 550; baseline 0 -23"><span class='ocrx_word' id='word_1_6' title='bbox 127 495 223 550; x_wconf 70' lang='lat' dir='ltr'>paens</span> <span class='ocrx_word' id='word_1_7' title='bbox 239 473 462 548; x_wconf 84' lang='lat' dir='ltr'>mulieribusque</span> <span class='ocrx_word' id='word_1_8' title='bbox 486 473 514 530; x_wconf 92' lang='lat' dir='ltr'>in</span> <span class='ocrx_word' id='word_1_9' title='bbox 537 475 670 530; x_wconf 79' lang='lat' dir='ltr'>astuaria</span> <span class='ocrx_word' id='word_1_10' title='bbox 693 493 727 530; x_wconf 86' lang='lat' dir='ltr'>ac</span> <span class='ocrx_word' id='word_1_11' title='bbox 748 473 869 548; x_wconf 86' lang='lat' dir='ltr'>paludes</span> <span class='ocrx_word' id='word_1_12' title='bbox 890 473 1030 528; x_wconf 78' lang='lat' dir='ltr'>collectos</span> <span class='ocrx_word' id='word_1_13' title='bbox 1055 473 1169 528; x_wconf 84' lang='lat' dir='ltr'>dixera-</span> 
     </span>
     <span class='ocr_line' id='line_1_3' title="bbox 129 564 1168 640; baseline -0.002 -20"><span class='ocrx_word' id='word_1_14' title='bbox 129 585 200 634; x_wconf 86' lang='lat' dir='ltr'>mus,</span> <span class='ocrx_word' id='word_1_15' title='bbox 225 565 278 620; x_wconf 89' lang='lat' dir='ltr'>hac</span> <span class='ocrx_word' id='word_1_16' title='bbox 299 565 397 640; x_wconf 69' lang='lat' dir='ltr'>pugna</span> <span class='ocrx_word' id='word_1_17' title='bbox 421 565 570 636; x_wconf 76' lang='lat' dir='ltr'>nunciata,</span> <span class='ocrx_word' id='word_1_18' title='bbox 594 583 682 638; x_wconf 91' lang='lat' dir='ltr'>quum</span> <span class='ocrx_word' id='word_1_19' title='bbox 705 565 863 620; x_wconf 90' lang='lat' dir='ltr'>victoribus</span> <span class='ocrx_word' id='word_1_20' title='bbox 884 564 955 620; x_wconf 87' lang='lat' dir='ltr'>nihil</span> <span class='ocrx_word' id='word_1_21' title='bbox 982 564 1168 638; x_wconf 85' lang='lat' dir='ltr'>impeditum,</span> 
     </span>
     <span class='ocr_line' id='line_1_4' title="bbox 129 655 1169 730; baseline -0.001 -20"><span class='ocrx_word' id='word_1_22' title='bbox 129 657 211 712; x_wconf 74' lang='lat' dir='ltr'>vistis</span> <span class='ocrx_word' id='word_1_23' title='bbox 231 657 300 712; x_wconf 83' lang='lat' dir='ltr'>nihil</span> <span class='ocrx_word' id='word_1_24' title='bbox 322 667 415 712; x_wconf 87' lang='lat' dir='ltr'>tutum</span> <span class='ocrx_word' id='word_1_25' title='bbox 438 657 654 726; x_wconf 81' lang='lat' dir='ltr'>arbitrarentur,</span> <span class='ocrx_word' id='word_1_26' title='bbox 669 656 810 725; x_wconf 89' lang='lat' dir='ltr'>omnium,</span> <span class='ocrx_word' id='word_1_27' title='bbox 826 655 874 728; x_wconf 91' lang='lat' dir='ltr'>qui</span> <span class='ocrx_word' id='word_1_28' title='bbox 900 666 1080 730; x_wconf 82' lang='lat' dir='ltr'>supererant,</span> <span class='ocrx_word' id='word_1_29' title='bbox 1097 675 1169 710; x_wconf 88' lang='lat' dir='ltr'>cou-</span> 
     </span>
     <span class='ocr_line' id='line_1_5' title="bbox 128 747 1166 823; baseline -0.001 -21"><span class='ocrx_word' id='word_1_30' title='bbox 128 767 213 802; x_wconf 87' lang='lat' dir='ltr'>seusu</span> <span class='ocrx_word' id='word_1_31' title='bbox 229 747 338 823; x_wconf 87' lang='lat' dir='ltr'>legatos</span> <span class='ocrx_word' id='word_1_32' title='bbox 354 747 388 803; x_wconf 90' lang='lat' dir='ltr'>ad</span> <span class='ocrx_word' id='word_1_33' title='bbox 412 747 558 804; x_wconf 66' lang='lat' dir='ltr'>Caesarem</span> <span class='ocrx_word' id='word_1_34' title='bbox 584 747 734 816; x_wconf 86' lang='lat' dir='ltr'>miserunt,</span> <span class='ocrx_word' id='word_1_35' title='bbox 749 765 838 820; x_wconf 87' lang='lat' dir='ltr'>seque</span> <span class='ocrx_word' id='word_1_36' title='bbox 858 747 885 802; x_wconf 93' lang='lat' dir='ltr'>ei</span> <span class='ocrx_word' id='word_1_37' title='bbox 910 747 1103 814; x_wconf 88' lang='lat' dir='ltr'>dedideruut;</span> <span class='ocrx_word' id='word_1_38' title='bbox 1128 759 1166 815; x_wconf 82' lang='lat' dir='ltr'>et,</span> 
     </span>
     <span class='ocr_line' id='line_1_6' title="bbox 130 836 1166 907; baseline -0.003 -13"><span class='ocrx_word' id='word_1_39' title='bbox 130 839 158 894; x_wconf 91' lang='lat' dir='ltr'>iu</span> <span class='ocrx_word' id='word_1_40' title='bbox 174 838 425 895; x_wconf 67' lang='lat' dir='ltr'>commemoranda</span> <span class='ocrx_word' id='word_1_41' title='bbox 440 838 565 894; x_wconf 88' lang='lat' dir='ltr'>civitatis</span> <span class='ocrx_word' id='word_1_42' title='bbox 579 838 753 907; x_wconf 78' lang='lat' dir='ltr'>calamitate,</span> <span class='ocrx_word' id='word_1_43' title='bbox 768 855 803 893; x_wconf 87' lang='lat' dir='ltr'>ex</span> <span class='ocrx_word' id='word_1_44' title='bbox 818 836 872 893; x_wconf 87' lang='lat' dir='ltr'>DC</span> <span class='ocrx_word' id='word_1_45' title='bbox 889 837 924 892; x_wconf 90' lang='lat' dir='ltr'>ad</span> <span class='ocrx_word' id='word_1_46' title='bbox 938 837 982 892; x_wconf 97' lang='lat' dir='ltr'>III</span> <span class='ocrx_word' id='word_1_47' title='bbox 1005 849 1166 907; x_wconf 86' lang='lat' dir='ltr'>senatores,</span> 
     </span>
     <span class='ocr_line' id='line_1_7' title="bbox 129 928 1167 1002; baseline -0.002 -16"><span class='ocrx_word' id='word_1_48' title='bbox 129 949 164 986; x_wconf 85' lang='lat' dir='ltr'>ex</span> <span class='ocrx_word' id='word_1_49' title='bbox 179 930 327 986; x_wconf 92' lang='lat' dir='ltr'>hominum</span> <span class='ocrx_word' id='word_1_50' title='bbox 341 929 467 986; x_wconf 87' lang='lat' dir='ltr'>millibus</span> <span class='ocrx_word' id='word_1_51' title='bbox 483 928 538 985; x_wconf 93' lang='lat' dir='ltr'>LX</span> <span class='ocrx_word' id='word_1_52' title='bbox 552 930 600 986; x_wconf 84' lang='lat' dir='ltr'>vix</span> <span class='ocrx_word' id='word_1_53' title='bbox 614 929 649 984; x_wconf 90' lang='lat' dir='ltr'>ad</span> <span class='ocrx_word' id='word_1_54' title='bbox 664 928 702 998; x_wconf 92' lang='lat' dir='ltr'>D,</span> <span class='ocrx_word' id='word_1_55' title='bbox 718 928 767 1002; x_wconf 92' lang='lat' dir='ltr'>qui</span> <span class='ocrx_word' id='word_1_56' title='bbox 780 947 858 984; x_wconf 85' lang='lat' dir='ltr'>arma</span> <span class='ocrx_word' id='word_1_57' title='bbox 872 928 946 984; x_wconf 87' lang='lat' dir='ltr'>serre</span> <span class='ocrx_word' id='word_1_58' title='bbox 960 939 1089 1002; x_wconf 87' lang='lat' dir='ltr'>possent,</span> <span class='ocrx_word' id='word_1_59' title='bbox 1102 947 1167 984; x_wconf 84' lang='lat' dir='ltr'>sese</span> 
     </span>
     <span class='ocr_line' id='line_1_8' title="bbox 129 1019 1168 1094; baseline -0.003 -18"><span class='ocrx_word' id='word_1_60' title='bbox 129 1021 261 1078; x_wconf 86' lang='lat' dir='ltr'>redactos</span> <span class='ocrx_word' id='word_1_61' title='bbox 282 1041 345 1079; x_wconf 88' lang='lat' dir='ltr'>esse</span> <span class='ocrx_word' id='word_1_62' title='bbox 367 1021 508 1078; x_wconf 86' lang='lat' dir='ltr'>dixerunt.</span> <span class='ocrx_word' id='word_1_63' title='bbox 549 1020 635 1081; x_wconf 85' lang='lat' dir='ltr'>Quos</span> <span class='ocrx_word' id='word_1_64' title='bbox 659 1020 767 1089; x_wconf 80' lang='lat' dir='ltr'>Caesar,</span> <span class='ocrx_word' id='word_1_65' title='bbox 791 1019 875 1076; x_wconf 92' lang='lat' dir='ltr'>utin</span> <span class='ocrx_word' id='word_1_66' title='bbox 898 1020 1017 1076; x_wconf 88' lang='lat' dir='ltr'>miseros</span> <span class='ocrx_word' id='word_1_67' title='bbox 1043 1039 1078 1075; x_wconf 92' lang='lat' dir='ltr'>ac</span> <span class='ocrx_word' id='word_1_68' title='bbox 1100 1039 1168 1094; x_wconf 89' lang='lat' dir='ltr'>sup-</span> 
     </span>
     <span class='ocr_line' id='line_1_9' title="bbox 129 1109 1165 1188; baseline -0.002 -19"><span class='ocrx_word' id='word_1_69' title='bbox 129 1113 219 1188; x_wconf 89' lang='lat' dir='ltr'>plices</span> <span class='ocrx_word' id='word_1_70' title='bbox 243 1133 312 1170; x_wconf 91' lang='lat' dir='ltr'>usus</span> <span class='ocrx_word' id='word_1_71' title='bbox 336 1111 534 1170; x_wconf 70' lang='lat' dir='ltr'>misericordia</span> <span class='ocrx_word' id='word_1_72' title='bbox 557 1111 710 1181; x_wconf 90' lang='lat' dir='ltr'>videretur,</span> <span class='ocrx_word' id='word_1_73' title='bbox 726 1109 946 1186; x_wconf 66' lang='lat' dir='ltr'>diligentissime}</span> <span class='ocrx_word' id='word_1_74' title='bbox 972 1113 1165 1182; x_wconf 87' lang='lat' dir='ltr'>conservavit,</span> 
     </span>
     <span class='ocr_line' id='line_1_10' title="bbox 130 1201 1165 1278; baseline -0.002 -18"><span class='ocrx_word' id='word_1_75' title='bbox 130 1206 246 1278; x_wconf 90' lang='lat' dir='ltr'>suisque</span> <span class='ocrx_word' id='word_1_76' title='bbox 261 1205 365 1260; x_wconf 90' lang='lat' dir='ltr'>linibus</span> <span class='ocrx_word' id='word_1_77' title='bbox 381 1215 464 1277; x_wconf 89' lang='lat' dir='ltr'>atque</span> <span class='ocrx_word' id='word_1_78' title='bbox 479 1203 591 1278; x_wconf 90' lang='lat' dir='ltr'>oppidis</span> <span class='ocrx_word' id='word_1_79' title='bbox 605 1203 647 1258; x_wconf 92' lang='lat' dir='ltr'>uti</span> <span class='ocrx_word' id='word_1_80' title='bbox 660 1202 754 1278; x_wconf 87' lang='lat' dir='ltr'>jussit,</span> <span class='ocrx_word' id='word_1_81' title='bbox 770 1213 798 1258; x_wconf 84' lang='lat' dir='ltr'>et</span> <span class='ocrx_word' id='word_1_82' title='bbox 813 1201 942 1258; x_wconf 87' lang='lat' dir='ltr'>finitimis</span> <span class='ocrx_word' id='word_1_83' title='bbox 957 1201 1118 1278; x_wconf 89' lang='lat' dir='ltr'>imperavit,</span> <span class='ocrx_word' id='word_1_84' title='bbox 1135 1214 1165 1259; x_wconf 89' lang='lat' dir='ltr'>ut</span> 
     </span>
     <span class='ocr_line' id='line_1_11' title="bbox 131 1293 875 1368; baseline -0.001 -18"><span class='ocrx_word' id='word_1_85' title='bbox 131 1295 166 1350; x_wconf 89' lang='lat' dir='ltr'>ab</span> <span class='ocrx_word' id='word_1_86' title='bbox 181 1294 284 1368; x_wconf 79' lang='lat' dir='ltr'>injuriai</span> <span class='ocrx_word' id='word_1_87' title='bbox 300 1305 328 1350; x_wconf 91' lang='lat' dir='ltr'>et</span> <span class='ocrx_word' id='word_1_88' title='bbox 342 1293 485 1350; x_wconf 83' lang='lat' dir='ltr'>maleficio</span> <span class='ocrx_word' id='word_1_89' title='bbox 499 1313 529 1349; x_wconf 90' lang='lat' dir='ltr'>se</span> <span class='ocrx_word' id='word_1_90' title='bbox 544 1312 668 1367; x_wconf 89' lang='lat' dir='ltr'>suosque</span> <span class='ocrx_word' id='word_1_91' title='bbox 681 1293 875 1368; x_wconf 88' lang='lat' dir='ltr'>prohiberent.</span> 
     </span>
    </p>

    <p class='ocr_par' dir='ltr' id='par_1_3' title="bbox 53 1382 1167 2898">
     <span class='ocr_line' id='line_1_12' title="bbox 170 1382 1167 1458; baseline 0 -18"><span class='ocrx_word' id='word_1_92' title='bbox 170 1383 286 1441; x_wconf 88' lang='lat' dir='ltr'>XXIX.</span> <span class='ocrx_word' id='word_1_93' title='bbox 316 1384 473 1454; x_wconf 85' lang='lat' dir='ltr'>Aduatuci,</span> <span class='ocrx_word' id='word_1_94' title='bbox 489 1385 643 1458; x_wconf 89' lang='lat' dir='ltr'>dequibus</span> <span class='ocrx_word' id='word_1_95' title='bbox 662 1382 749 1458; x_wconf 70' lang='lat' dir='ltr'>supra</span> <span class='ocrx_word' id='word_1_96' title='bbox 770 1383 946 1458; x_wconf 84' lang='lat' dir='ltr'>scripsimus,</span> <span class='ocrx_word' id='word_1_97' title='bbox 962 1403 1050 1458; x_wconf 90' lang='lat' dir='ltr'>quum</span> <span class='ocrx_word' id='word_1_98' title='bbox 1073 1386 1167 1440; x_wconf 91' lang='lat' dir='ltr'>omni-</span> 
     </span>
     <span class='ocr_line' id='line_1_13' title="bbox 53 1475 1167 1550; baseline -0.001 -19"><span class='ocrx_word' id='word_1_99' title='bbox 53 1513 56 1520; x_wconf 91' lang='lat'>·</span> <span class='ocrx_word' id='word_1_100' title='bbox 132 1475 184 1531; x_wconf 90' lang='lat' dir='ltr'>bus</span> <span class='ocrx_word' id='word_1_101' title='bbox 199 1475 289 1550; x_wconf 89' lang='lat' dir='ltr'>copiis</span> <span class='ocrx_word' id='word_1_102' title='bbox 305 1475 411 1531; x_wconf 84' lang='lat' dir='ltr'>auxilio</span> <span class='ocrx_word' id='word_1_103' title='bbox 425 1475 542 1531; x_wconf 89' lang='lat' dir='ltr'>Nerviis</span> <span class='ocrx_word' id='word_1_104' title='bbox 553 1476 692 1545; x_wconf 87' lang='lat' dir='ltr'>venirent,</span> <span class='ocrx_word' id='word_1_105' title='bbox 708 1476 764 1530; x_wconf 88' lang='lat' dir='ltr'>hac</span> <span class='ocrx_word' id='word_1_106' title='bbox 775 1475 873 1550; x_wconf 72' lang='lat' dir='ltr'>pugna</span> <span class='ocrx_word' id='word_1_107' title='bbox 886 1475 1034 1544; x_wconf 73' lang='lat' dir='ltr'>nunciata,</span> <span class='ocrx_word' id='word_1_108' title='bbox 1050 1494 1086 1531; x_wconf 84' lang='lat' dir='ltr'>ex</span> <span class='ocrx_word' id='word_1_109' title='bbox 1099 1475 1167 1532; x_wconf 90' lang='lat' dir='ltr'>itin-</span> 
     </span>
     <span class='ocr_line' id='line_1_14' title="bbox 131 1566 1164 1641; baseline 0 -19"><span class='ocrx_word' id='word_1_110' title='bbox 131 1585 179 1623; x_wconf 86' lang='lat' dir='ltr'>ere</span> <span class='ocrx_word' id='word_1_111' title='bbox 200 1567 316 1623; x_wconf 92' lang='lat' dir='ltr'>domum</span> <span class='ocrx_word' id='word_1_112' title='bbox 339 1577 535 1636; x_wconf 86' lang='lat' dir='ltr'>reverterunt;</span> <span class='ocrx_word' id='word_1_113' title='bbox 558 1567 672 1623; x_wconf 89' lang='lat' dir='ltr'>cunctis</span> <span class='ocrx_word' id='word_1_114' title='bbox 694 1566 807 1641; x_wconf 86' lang='lat' dir='ltr'>oppidis</span> <span class='ocrx_word' id='word_1_115' title='bbox 828 1566 1010 1640; x_wconf 84' lang='lat' dir='ltr'>castellisque</span> <span class='ocrx_word' id='word_1_116' title='bbox 1032 1566 1164 1637; x_wconf 87' lang='lat' dir='ltr'>desertis,</span> 
     </span>
     <span class='ocr_line' id='line_1_15' title="bbox 130 1657 1166 1733; baseline 0.001 -20"><span class='ocrx_word' id='word_1_117' title='bbox 130 1678 182 1715; x_wconf 91' lang='lat' dir='ltr'>sua</span> <span class='ocrx_word' id='word_1_118' title='bbox 196 1659 292 1715; x_wconf 86' lang='lat' dir='ltr'>omnia</span> <span class='ocrx_word' id='word_1_119' title='bbox 307 1657 336 1714; x_wconf 93' lang='lat' dir='ltr'>in</span> <span class='ocrx_word' id='word_1_120' title='bbox 352 1677 441 1714; x_wconf 92' lang='lat' dir='ltr'>unum</span> <span class='ocrx_word' id='word_1_121' title='bbox 456 1657 592 1732; x_wconf 91' lang='lat' dir='ltr'>oppidum</span> <span class='ocrx_word' id='word_1_122' title='bbox 607 1657 724 1733; x_wconf 71' lang='lat' dir='ltr'>egregie</span> <span class='ocrx_word' id='word_1_123' title='bbox 743 1657 846 1713; x_wconf 80' lang='lat' dir='ltr'>naturai</span> <span class='ocrx_word' id='word_1_124' title='bbox 869 1657 1011 1713; x_wconf 90' lang='lat' dir='ltr'>munitum</span> <span class='ocrx_word' id='word_1_125' title='bbox 1034 1659 1166 1714; x_wconf 89' lang='lat' dir='ltr'>contule-</span> 
     </span>
     <span class='ocr_line' id='line_1_16' title="bbox 131 1749 1165 1824; baseline 0 -19"><span class='ocrx_word' id='word_1_126' title='bbox 131 1763 204 1808; x_wconf 90' lang='lat' dir='ltr'>runt.</span> <span class='ocrx_word' id='word_1_127' title='bbox 245 1750 335 1812; x_wconf 81' lang='lat' dir='ltr'>Quod</span> <span class='ocrx_word' id='word_1_128' title='bbox 351 1769 439 1824; x_wconf 93' lang='lat' dir='ltr'>quum</span> <span class='ocrx_word' id='word_1_129' title='bbox 454 1769 489 1806; x_wconf 85' lang='lat' dir='ltr'>ex</span> <span class='ocrx_word' id='word_1_130' title='bbox 503 1749 636 1805; x_wconf 91' lang='lat' dir='ltr'>omnibus</span> <span class='ocrx_word' id='word_1_131' title='bbox 658 1751 686 1805; x_wconf 94' lang='lat' dir='ltr'>in</span> <span class='ocrx_word' id='word_1_132' title='bbox 709 1749 835 1804; x_wconf 91' lang='lat' dir='ltr'>circuitu</span> <span class='ocrx_word' id='word_1_133' title='bbox 856 1749 985 1823; x_wconf 87' lang='lat' dir='ltr'>partibus</span> <span class='ocrx_word' id='word_1_134' title='bbox 1010 1749 1165 1805; x_wconf 86' lang='lat' dir='ltr'>altissimas</span> 
     </span>
     <span class='ocr_line' id='line_1_17' title="bbox 130 1840 1163 1918; baseline -0.001 -21"><span class='ocrx_word' id='word_1_135' title='bbox 130 1861 215 1918; x_wconf 86' lang='lat' dir='ltr'>rupes</span> <span class='ocrx_word' id='word_1_136' title='bbox 230 1843 439 1918; x_wconf 87' lang='lat' dir='ltr'>despectusque</span> <span class='ocrx_word' id='word_1_137' title='bbox 454 1841 580 1910; x_wconf 87' lang='lat' dir='ltr'>haberet,</span> <span class='ocrx_word' id='word_1_138' title='bbox 597 1842 654 1896; x_wconf 74' lang='lat' dir='ltr'>unzi</span> <span class='ocrx_word' id='word_1_139' title='bbox 670 1859 704 1897; x_wconf 87' lang='lat' dir='ltr'>ex</span> <span class='ocrx_word' id='word_1_140' title='bbox 718 1851 798 1915; x_wconf 86' lang='lat' dir='ltr'>parte</span> <span class='ocrx_word' id='word_1_141' title='bbox 812 1840 915 1896; x_wconf 87' lang='lat' dir='ltr'>leniter</span> <span class='ocrx_word' id='word_1_142' title='bbox 935 1840 1053 1896; x_wconf 83' lang='lat' dir='ltr'>acclivis</span> <span class='ocrx_word' id='word_1_143' title='bbox 1070 1841 1163 1896; x_wconf 89' lang='lat' dir='ltr'>aditus</span> 
     </span>
     <span class='ocr_line' id='line_1_18' title="bbox 132 1925 1161 2008; baseline 0 -21"><span class='ocrx_word' id='word_1_144' title='bbox 132 1931 160 1987; x_wconf 90' lang='lat' dir='ltr'>in</span> <span class='ocrx_word' id='word_1_145' title='bbox 186 1933 366 1988; x_wconf 88' lang='lat' dir='ltr'>latitudinem</span> <span class='ocrx_word' id='word_1_146' title='bbox 389 1951 447 1988; x_wconf 90' lang='lat' dir='ltr'>non</span> <span class='ocrx_word' id='word_1_147' title='bbox 474 1931 595 2008; x_wconf 84' lang='lat' dir='ltr'>amplibs</span> <span class='ocrx_word' id='word_1_148' title='bbox 616 1931 668 1988; x_wconf 90' lang='lat' dir='ltr'>CC</span> <span class='ocrx_word' id='word_1_149' title='bbox 692 1925 797 2006; x_wconf 78' lang='lat' dir='ltr'>pediam</span> <span class='ocrx_word' id='word_1_150' title='bbox 819 1931 1053 2006; x_wconf 88' lang='lat' dir='ltr'>relinquebatur:</span> <span class='ocrx_word' id='word_1_151' title='bbox 1077 1951 1161 2005; x_wconf 88' lang='lat' dir='ltr'>quern</span> 
     </span>
     <span class='ocr_line' id='line_1_19' title="bbox 131 2021 1163 2097; baseline 0.002 -21"><span class='ocrx_word' id='word_1_152' title='bbox 131 2021 226 2077; x_wconf 88' lang='lat' dir='ltr'>locum</span> <span class='ocrx_word' id='word_1_153' title='bbox 242 2023 351 2096; x_wconf 91' lang='lat' dir='ltr'>duplici</span> <span class='ocrx_word' id='word_1_154' title='bbox 367 2022 504 2079; x_wconf 88' lang='lat' dir='ltr'>altissimo</span> <span class='ocrx_word' id='word_1_155' title='bbox 518 2043 600 2079; x_wconf 86' lang='lat' dir='ltr'>muro</span> <span class='ocrx_word' id='word_1_156' title='bbox 622 2024 803 2092; x_wconf 90' lang='lat' dir='ltr'>munieraut;</span> <span class='ocrx_word' id='word_1_157' title='bbox 825 2033 885 2078; x_wconf 90' lang='lat' dir='ltr'>tum</span> <span class='ocrx_word' id='word_1_158' title='bbox 908 2021 1004 2097; x_wconf 88' lang='lat' dir='ltr'>magui</span> <span class='ocrx_word' id='word_1_159' title='bbox 1028 2023 1163 2097; x_wconf 85' lang='lat' dir='ltr'>ponderis</span> 
     </span>
     <span class='ocr_line' id='line_1_20' title="bbox 131 2112 1162 2187; baseline 0.002 -19"><span class='ocrx_word' id='word_1_160' title='bbox 131 2131 199 2169; x_wconf 88' lang='lat' dir='ltr'>saxa</span> <span class='ocrx_word' id='word_1_161' title='bbox 213 2123 241 2168; x_wconf 91' lang='lat' dir='ltr'>et</span> <span class='ocrx_word' id='word_1_162' title='bbox 261 2123 421 2186; x_wconf 86' lang='lat' dir='ltr'>praeacutas</span> <span class='ocrx_word' id='word_1_163' title='bbox 441 2115 536 2170; x_wconf 86' lang='lat' dir='ltr'>trabes</span> <span class='ocrx_word' id='word_1_164' title='bbox 558 2115 587 2170; x_wconf 91' lang='lat' dir='ltr'>in</span> <span class='ocrx_word' id='word_1_165' title='bbox 609 2133 692 2170; x_wconf 89' lang='lat' dir='ltr'>muro</span> <span class='ocrx_word' id='word_1_166' title='bbox 715 2114 900 2170; x_wconf 65' lang='lat' dir='ltr'>collocaram.</span> <span class='ocrx_word' id='word_1_167' title='bbox 943 2112 1002 2187; x_wconf 91' lang='lat' dir='ltr'>Ipsi</span> <span class='ocrx_word' id='word_1_168' title='bbox 1027 2125 1106 2170; x_wconf 87' lang='lat' dir='ltr'>erant</span> <span class='ocrx_word' id='word_1_169' title='bbox 1127 2133 1162 2170; x_wconf 84' lang='lat' dir='ltr'>ex</span> 
     </span>
     <span class='ocr_line' id='line_1_21' title="bbox 132 2203 1161 2280; baseline 0.002 -20"><span class='ocrx_word' id='word_1_170' title='bbox 132 2203 258 2260; x_wconf 89' lang='lat' dir='ltr'>Cimbris</span> <span class='ocrx_word' id='word_1_171' title='bbox 281 2203 482 2276; x_wconf 88' lang='lat' dir='ltr'>Teutonisque</span> <span class='ocrx_word' id='word_1_172' title='bbox 502 2205 634 2278; x_wconf 83' lang='lat' dir='ltr'>prognati</span> <span class='ocrx_word' id='word_1_173' title='bbox 646 2226 653 2274; x_wconf 91' lang='lat'>;</span> <span class='ocrx_word' id='word_1_174' title='bbox 676 2205 724 2280; x_wconf 93' lang='lat' dir='ltr'>qui</span> <span class='ocrx_word' id='word_1_175' title='bbox 746 2224 835 2279; x_wconf 88' lang='lat' dir='ltr'>quum</span> <span class='ocrx_word' id='word_1_176' title='bbox 857 2205 909 2262; x_wconf 92' lang='lat' dir='ltr'>iter</span> <span class='ocrx_word' id='word_1_177' title='bbox 934 2204 963 2260; x_wconf 93' lang='lat' dir='ltr'>in</span> <span class='ocrx_word' id='word_1_178' title='bbox 985 2205 1161 2279; x_wconf 87' lang='lat' dir='ltr'>provinciam</span> 
     </span>
     <span class='ocr_line' id='line_1_22' title="bbox 132 2294 1161 2371; baseline 0.001 -20"><span class='ocrx_word' id='word_1_179' title='bbox 132 2307 257 2352; x_wconf 89' lang='lat' dir='ltr'>nostram</span> <span class='ocrx_word' id='word_1_180' title='bbox 281 2306 365 2369; x_wconf 87' lang='lat' dir='ltr'>atque</span> <span class='ocrx_word' id='word_1_181' title='bbox 388 2294 500 2352; x_wconf 87' lang='lat' dir='ltr'>Italiam</span> <span class='ocrx_word' id='word_1_182' title='bbox 524 2295 661 2366; x_wconf 82' lang='lat' dir='ltr'>facerent,</span> <span class='ocrx_word' id='word_1_183' title='bbox 678 2297 713 2352; x_wconf 88' lang='lat' dir='ltr'>iis</span> <span class='ocrx_word' id='word_1_184' title='bbox 735 2296 958 2371; x_wconf 87' lang='lat' dir='ltr'>impedimentis,</span> <span class='ocrx_word' id='word_1_185' title='bbox 977 2315 1039 2370; x_wconf 85' lang='lat' dir='ltr'>qnae</span> <span class='ocrx_word' id='word_1_186' title='bbox 1063 2315 1161 2352; x_wconf 86' lang='lat' dir='ltr'>secum</span> 
     </span>
     <span class='ocr_line' id='line_1_23' title="bbox 132 2386 1161 2463; baseline -0.001 -21"><span class='ocrx_word' id='word_1_187' title='bbox 132 2405 217 2463; x_wconf 90' lang='lat' dir='ltr'>agere</span> <span class='ocrx_word' id='word_1_188' title='bbox 233 2406 265 2443; x_wconf 90' lang='lat' dir='ltr'>ac</span> <span class='ocrx_word' id='word_1_189' title='bbox 280 2397 393 2461; x_wconf 88' lang='lat' dir='ltr'>portare</span> <span class='ocrx_word' id='word_1_190' title='bbox 408 2405 464 2441; x_wconf 92' lang='lat' dir='ltr'>nun</span> <span class='ocrx_word' id='word_1_191' title='bbox 479 2397 620 2460; x_wconf 89' lang='lat' dir='ltr'>poterant,</span> <span class='ocrx_word' id='word_1_192' title='bbox 636 2387 708 2443; x_wconf 84' lang='lat' dir='ltr'>citra</span> <span class='ocrx_word' id='word_1_193' title='bbox 728 2387 834 2444; x_wconf 86' lang='lat' dir='ltr'>flumen</span> <span class='ocrx_word' id='word_1_194' title='bbox 856 2386 994 2443; x_wconf 85' lang='lat' dir='ltr'>Rhenum</span> <span class='ocrx_word' id='word_1_195' title='bbox 1016 2387 1161 2461; x_wconf 79' lang='lat' dir='ltr'>depositis,</span> 
     </span>
     <span class='ocr_line' id='line_1_24' title="bbox 131 2477 1162 2552; baseline 0 -18"><span class='ocrx_word' id='word_1_196' title='bbox 131 2479 268 2535; x_wconf 75' lang='lat' dir='ltr'>custodias</span> <span class='ocrx_word' id='word_1_197' title='bbox 283 2498 318 2535; x_wconf 87' lang='lat' dir='ltr'>ex</span> <span class='ocrx_word' id='word_1_198' title='bbox 332 2478 391 2534; x_wconf 91' lang='lat' dir='ltr'>suis</span> <span class='ocrx_word' id='word_1_199' title='bbox 407 2497 440 2534; x_wconf 84' lang='lat' dir='ltr'>ac</span> <span class='ocrx_word' id='word_1_200' title='bbox 453 2478 587 2552; x_wconf 85' lang='lat' dir='ltr'>praesidio</span> <span class='ocrx_word' id='word_1_201' title='bbox 608 2497 657 2534; x_wconf 89' lang='lat' dir='ltr'>sex</span> <span class='ocrx_word' id='word_1_202' title='bbox 679 2478 769 2534; x_wconf 88' lang='lat' dir='ltr'>millia</span> <span class='ocrx_word' id='word_1_203' title='bbox 789 2477 937 2532; x_wconf 93' lang='lat' dir='ltr'>hominum</span> <span class='ocrx_word' id='word_1_204' title='bbox 963 2477 1022 2534; x_wconf 79' lang='lat' dir='ltr'>und</span> <span class='ocrx_word' id='word_1_205' title='bbox 1041 2479 1162 2551; x_wconf 88' lang='lat' dir='ltr'>relique-</span> 
     </span>
     <span class='ocr_line' id='line_1_25' title="bbox 130 2567 1159 2647; baseline -0.002 -21"><span class='ocrx_word' id='word_1_206' title='bbox 130 2582 204 2629; x_wconf 92' lang='lat' dir='ltr'>runt.</span> <span class='ocrx_word' id='word_1_207' title='bbox 248 2571 287 2628; x_wconf 88' lang='lat' dir='ltr'>lli</span> <span class='ocrx_word' id='word_1_208' title='bbox 302 2581 366 2647; x_wconf 90' lang='lat' dir='ltr'>pust</span> <span class='ocrx_word' id='word_1_209' title='bbox 380 2589 479 2628; x_wconf 88' lang='lat' dir='ltr'>eorum</span> <span class='ocrx_word' id='word_1_210' title='bbox 494 2569 603 2626; x_wconf 90' lang='lat' dir='ltr'>obitum</span> <span class='ocrx_word' id='word_1_211' title='bbox 618 2570 723 2625; x_wconf 80' lang='lat' dir='ltr'>multos</span> <span class='ocrx_word' id='word_1_212' title='bbox 739 2587 828 2624; x_wconf 86' lang='lat' dir='ltr'>annos</span> <span class='ocrx_word' id='word_1_213' title='bbox 844 2587 859 2623; x_wconf 92' lang='lat' dir='ltr'>a</span> <span class='ocrx_word' id='word_1_214' title='bbox 873 2567 1002 2624; x_wconf 88' lang='lat' dir='ltr'>finitimis</span> <span class='ocrx_word' id='word_1_215' title='bbox 1016 2569 1159 2645; x_wconf 85' lang='lat' dir='ltr'>exagitati,</span> 
     </span>
     <span class='ocr_line' id='line_1_26' title="bbox 130 2658 1159 2736; baseline -0.005 -17"><span class='ocrx_word' id='word_1_216' title='bbox 130 2682 218 2736; x_wconf 91' lang='lat' dir='ltr'>quum</span> <span class='ocrx_word' id='word_1_217' title='bbox 235 2663 305 2720; x_wconf 76' lang='lat' dir='ltr'>alias</span> <span class='ocrx_word' id='word_1_218' title='bbox 319 2663 426 2720; x_wconf 88' lang='lat' dir='ltr'>bellum</span> <span class='ocrx_word' id='word_1_219' title='bbox 441 2661 588 2731; x_wconf 81' lang='lat' dir='ltr'>inferrent,</span> <span class='ocrx_word' id='word_1_220' title='bbox 602 2658 672 2716; x_wconf 70' lang='lat' dir='ltr'>alias</span> <span class='ocrx_word' id='word_1_221' title='bbox 687 2659 1007 2729; x_wconf 63' lang='lat' dir='ltr'>illatum&#39;desenderent,</span> <span class='ocrx_word' id='word_1_222' title='bbox 1019 2679 1159 2715; x_wconf 84' lang='lat' dir='ltr'>consensu</span> 
     </span>
     <span class='ocr_line' id='line_1_27' title="bbox 130 2750 1160 2830; baseline -0.001 -22"><span class='ocrx_word' id='word_1_223' title='bbox 130 2772 229 2809; x_wconf 92' lang='lat' dir='ltr'>eorum</span> <span class='ocrx_word' id='word_1_224' title='bbox 244 2756 372 2812; x_wconf 92' lang='lat' dir='ltr'>omnium</span> <span class='ocrx_word' id='word_1_225' title='bbox 390 2773 462 2830; x_wconf 91' lang='lat' dir='ltr'>pace</span> <span class='ocrx_word' id='word_1_226' title='bbox 484 2753 570 2822; x_wconf 69' lang='lat' dir='ltr'>facta,</span> <span class='ocrx_word' id='word_1_227' title='bbox 586 2753 664 2808; x_wconf 92' lang='lat' dir='ltr'>hunc</span> <span class='ocrx_word' id='word_1_228' title='bbox 685 2751 739 2806; x_wconf 90' lang='lat' dir='ltr'>sibi</span> <span class='ocrx_word' id='word_1_229' title='bbox 761 2750 909 2806; x_wconf 92' lang='lat' dir='ltr'>domicilio</span> <span class='ocrx_word' id='word_1_230' title='bbox 930 2750 1026 2806; x_wconf 84' lang='lat' dir='ltr'>locum</span> <span class='ocrx_word' id='word_1_231' title='bbox 1048 2751 1160 2826; x_wconf 86' lang='lat' dir='ltr'>delege-</span> 
     </span>
     <span class='ocr_line' id='line_1_28' title="bbox 130 2853 204 2898; baseline 0 -1"><span class='ocrx_word' id='word_1_232' title='bbox 130 2853 204 2898; x_wconf 90' lang='lat' dir='ltr'>runt.</span> 
     </span>
    </p>

    <p class='ocr_par' dir='ltr' id='par_1_4' title="bbox 130 2931 1163 3894">
     <span class='ocr_line' id='line_1_29' title="bbox 171 2931 1162 3006; baseline 0 -19"><span class='ocrx_word' id='word_1_233' title='bbox 171 2931 272 2988; x_wconf 90' lang='lat' dir='ltr'>XXX.</span> <span class='ocrx_word' id='word_1_234' title='bbox 301 2931 348 2987; x_wconf 86' lang='lat' dir='ltr'>Ac</span> <span class='ocrx_word' id='word_1_235' title='bbox 361 2932 455 3006; x_wconf 89' lang='lat' dir='ltr'>primo</span> <span class='ocrx_word' id='word_1_236' title='bbox 471 2934 593 2989; x_wconf 85' lang='lat' dir='ltr'>adventu</span> <span class='ocrx_word' id='word_1_237' title='bbox 608 2933 752 2989; x_wconf 79' lang='lat' dir='ltr'>exercitiis</span> <span class='ocrx_word' id='word_1_238' title='bbox 767 2933 856 2990; x_wconf 86' lang='lat' dir='ltr'>nostri</span> <span class='ocrx_word' id='word_1_239' title='bbox 872 2933 988 2989; x_wconf 90' lang='lat' dir='ltr'>crebras</span> <span class='ocrx_word' id='word_1_240' title='bbox 1008 2951 1043 2987; x_wconf 84' lang='lat' dir='ltr'>ex</span> <span class='ocrx_word' id='word_1_241' title='bbox 1058 2932 1162 3006; x_wconf 90' lang='lat' dir='ltr'>oppido</span> 
     </span>
     <span class='ocr_line' id='line_1_30' title="bbox 131 3021 1162 3098; baseline -0.002 -18"><span class='ocrx_word' id='word_1_242' title='bbox 131 3022 315 3080; x_wconf 82' lang='lat' dir='ltr'>excursiones</span> <span class='ocrx_word' id='word_1_243' title='bbox 330 3021 484 3092; x_wconf 81' lang='lat' dir='ltr'>faciebant,</span> <span class='ocrx_word' id='word_1_244' title='bbox 498 3025 680 3098; x_wconf 82' lang='lat' dir='ltr'>parvulisque</span> <span class='ocrx_word' id='word_1_245' title='bbox 700 3024 809 3098; x_wconf 89' lang='lat' dir='ltr'>proeliis</span> <span class='ocrx_word' id='word_1_246' title='bbox 830 3043 896 3080; x_wconf 91' lang='lat' dir='ltr'>curu</span> <span class='ocrx_word' id='word_1_247' title='bbox 918 3023 1024 3078; x_wconf 86' lang='lat' dir='ltr'>nostris</span> <span class='ocrx_word' id='word_1_248' title='bbox 1045 3033 1162 3078; x_wconf 88' lang='lat' dir='ltr'>conten-</span> 
     </span>
     <span class='ocr_line' id='line_1_31' title="bbox 131 3113 1163 3188; baseline 0 -20"><span class='ocrx_word' id='word_1_249' title='bbox 131 3113 254 3169; x_wconf 86' lang='lat' dir='ltr'>debant:</span> <span class='ocrx_word' id='word_1_250' title='bbox 275 3123 384 3186; x_wconf 89' lang='lat' dir='ltr'>postea,</span> <span class='ocrx_word' id='word_1_251' title='bbox 399 3113 473 3169; x_wconf 90' lang='lat' dir='ltr'>vallo</span> <span class='ocrx_word' id='word_1_252' title='bbox 486 3113 591 3188; x_wconf 87' lang='lat' dir='ltr'>pedum</span> <span class='ocrx_word' id='word_1_253' title='bbox 612 3115 673 3170; x_wconf 91' lang='lat' dir='ltr'>XII</span> <span class='ocrx_word' id='word_1_254' title='bbox 695 3115 864 3171; x_wconf 90' lang='lat' dir='ltr'>incircuitu</span> <span class='ocrx_word' id='word_1_255' title='bbox 886 3114 944 3169; x_wconf 92' lang='lat' dir='ltr'>XV</span> <span class='ocrx_word' id='word_1_256' title='bbox 966 3113 1088 3168; x_wconf 90' lang='lat' dir='ltr'>millium</span> <span class='ocrx_word' id='word_1_257' title='bbox 1104 3131 1163 3168; x_wconf 90' lang='lat' dir='ltr'>cre·</span> 
     </span>
     <span class='ocr_line' id='line_1_32' title="bbox 132 3203 1161 3280; baseline -0.002 -21"><span class='ocrx_word' id='word_1_258' title='bbox 132 3204 246 3276; x_wconf 87' lang='lat' dir='ltr'>brisque</span> <span class='ocrx_word' id='word_1_259' title='bbox 261 3203 385 3259; x_wconf 86' lang='lat' dir='ltr'>castellis</span> <span class='ocrx_word' id='word_1_260' title='bbox 404 3203 630 3275; x_wconf 88' lang='lat' dir='ltr'>circummuniti,</span> <span class='ocrx_word' id='word_1_261' title='bbox 646 3205 751 3280; x_wconf 90' lang='lat' dir='ltr'>oppido</span> <span class='ocrx_word' id='word_1_262' title='bbox 772 3224 835 3262; x_wconf 89' lang='lat' dir='ltr'>sese</span> <span class='ocrx_word' id='word_1_263' title='bbox 857 3205 1052 3260; x_wconf 78' lang='lat' dir='ltr'>continebant.</span> <span class='ocrx_word' id='word_1_264' title='bbox 1095 3203 1161 3272; x_wconf 85' lang='lat' dir='ltr'>Ubi,</span> 
     </span>
     <span class='ocr_line' id='line_1_33' title="bbox 131 3293 1160 3371; baseline -0.002 -21"><span class='ocrx_word' id='word_1_265' title='bbox 131 3293 222 3350; x_wconf 88' lang='lat' dir='ltr'>vineis</span> <span class='ocrx_word' id='word_1_266' title='bbox 238 3293 318 3363; x_wconf 91' lang='lat' dir='ltr'>actis,</span> <span class='ocrx_word' id='word_1_267' title='bbox 334 3313 438 3370; x_wconf 84' lang='lat' dir='ltr'>aggere</span> <span class='ocrx_word' id='word_1_268' title='bbox 452 3305 606 3359; x_wconf 74' lang='lat' dir='ltr'>exstructo,</span> <span class='ocrx_word' id='word_1_269' title='bbox 622 3297 723 3352; x_wconf 90' lang='lat' dir='ltr'>turrim</span> <span class='ocrx_word' id='word_1_270' title='bbox 737 3296 837 3371; x_wconf 88' lang='lat' dir='ltr'>procul</span> <span class='ocrx_word' id='word_1_271' title='bbox 860 3295 996 3352; x_wconf 85' lang='lat' dir='ltr'>constitui</span> <span class='ocrx_word' id='word_1_272' title='bbox 1019 3294 1160 3362; x_wconf 85' lang='lat' dir='ltr'>viderunt,</span> 
     </span>
     <span class='ocr_line' id='line_1_34' title="bbox 130 3382 1162 3461; baseline 0.001 -22"><span class='ocrx_word' id='word_1_273' title='bbox 130 3382 255 3458; x_wconf 79' lang='lat' dir='ltr'>primum</span> <span class='ocrx_word' id='word_1_274' title='bbox 270 3383 389 3441; x_wconf 87' lang='lat' dir='ltr'>irridere</span> <span class='ocrx_word' id='word_1_275' title='bbox 403 3404 439 3442; x_wconf 87' lang='lat' dir='ltr'>ex</span> <span class='ocrx_word' id='word_1_276' title='bbox 451 3405 544 3454; x_wconf 88' lang='lat' dir='ltr'>muro,</span> <span class='ocrx_word' id='word_1_277' title='bbox 561 3397 645 3460; x_wconf 87' lang='lat' dir='ltr'>atque</span> <span class='ocrx_word' id='word_1_278' title='bbox 666 3388 838 3461; x_wconf 86' lang='lat' dir='ltr'>increpitare</span> <span class='ocrx_word' id='word_1_279' title='bbox 859 3385 988 3452; x_wconf 88' lang='lat' dir='ltr'>vocibus,</span> <span class='ocrx_word' id='word_1_280' title='bbox 1005 3385 1061 3458; x_wconf 82' lang='lat' dir='ltr'>qud</span> <span class='ocrx_word' id='word_1_281' title='bbox 1084 3395 1162 3440; x_wconf 84' lang='lat' dir='ltr'>tanta</span> 
     </span>
     <span class='ocr_line' id='line_1_35' title="bbox 131 3474 1161 3550; baseline -0.004 -19"><span class='ocrx_word' id='word_1_282' title='bbox 131 3474 307 3538; x_wconf 82' lang='lat' dir='ltr'>machinatio</span> <span class='ocrx_word' id='word_1_283' title='bbox 326 3476 360 3530; x_wconf 90' lang='lat' dir='ltr'>ab</span> <span class='ocrx_word' id='word_1_284' title='bbox 381 3486 461 3532; x_wconf 84' lang='lat' dir='ltr'>tanto</span> <span class='ocrx_word' id='word_1_285' title='bbox 481 3476 574 3550; x_wconf 88' lang='lat' dir='ltr'>spatio</span> <span class='ocrx_word' id='word_1_286' title='bbox 596 3477 812 3534; x_wconf 83' lang='lat' dir='ltr'>instituereturl</span> <span class='ocrx_word' id='word_1_287' title='bbox 835 3477 1006 3550; x_wconf 90' lang='lat' dir='ltr'>quibusnam</span> <span class='ocrx_word' id='word_1_288' title='bbox 1031 3475 1161 3530; x_wconf 87' lang='lat' dir='ltr'>manibus</span> 
     </span>
     <span class='ocr_line' id='line_1_36' title="bbox 132 3563 1160 3640; baseline -0.004 -18"><span class='ocrx_word' id='word_1_289' title='bbox 132 3577 180 3622; x_wconf 85' lang='lat' dir='ltr'>aut</span> <span class='ocrx_word' id='word_1_290' title='bbox 201 3565 305 3640; x_wconf 91' lang='lat' dir='ltr'>quibus</span> <span class='ocrx_word' id='word_1_291' title='bbox 327 3565 444 3635; x_wconf 90' lang='lat' dir='ltr'>viribus,</span> <span class='ocrx_word' id='word_1_292' title='bbox 466 3567 623 3640; x_wconf 78' lang='lat' dir='ltr'>praesertim</span> <span class='ocrx_word' id='word_1_293' title='bbox 648 3567 778 3623; x_wconf 90' lang='lat' dir='ltr'>homines</span> <span class='ocrx_word' id='word_1_294' title='bbox 800 3567 917 3624; x_wconf 73' lang='lat' dir='ltr'>tantulae</span> <span class='ocrx_word' id='word_1_295' title='bbox 943 3577 1058 3622; x_wconf 76' lang='lat' dir='ltr'>staturae</span> <span class='ocrx_word' id='word_1_296' title='bbox 1082 3563 1160 3637; x_wconf 88' lang='lat' dir='ltr'>(nam</span> 
     </span>
     <span class='ocr_line' id='line_1_37' title="bbox 130 3653 1161 3732; baseline -0.006 -18"><span class='ocrx_word' id='word_1_297' title='bbox 130 3657 299 3732; x_wconf 83' lang='lat' dir='ltr'>plerbmque</span> <span class='ocrx_word' id='word_1_298' title='bbox 314 3653 477 3711; x_wconf 90' lang='lat' dir='ltr'>hominibus</span> <span class='ocrx_word' id='word_1_299' title='bbox 491 3657 583 3712; x_wconf 89' lang='lat' dir='ltr'>Gallis</span> <span class='ocrx_word' id='word_1_300' title='bbox 596 3675 654 3730; x_wconf 79' lang='lat' dir='ltr'>pree</span> <span class='ocrx_word' id='word_1_301' title='bbox 670 3657 868 3731; x_wconf 83' lang='lat' dir='ltr'>magnitudine</span> <span class='ocrx_word' id='word_1_302' title='bbox 880 3674 1033 3730; x_wconf 89' lang='lat' dir='ltr'>corporum</span> <span class='ocrx_word' id='word_1_303' title='bbox 1045 3672 1161 3710; x_wconf 86' lang='lat' dir='ltr'>suorum</span> 
     </span>
     <span class='ocr_line' id='line_1_38' title="bbox 131 3745 1161 3822; baseline -0.002 -20"><span class='ocrx_word' id='word_1_304' title='bbox 131 3747 253 3804; x_wconf 88' lang='lat' dir='ltr'>brevitas</span> <span class='ocrx_word' id='word_1_305' title='bbox 274 3757 372 3802; x_wconf 88' lang='lat' dir='ltr'>nostra</span> <span class='ocrx_word' id='word_1_306' title='bbox 392 3745 569 3820; x_wconf 87' lang='lat' dir='ltr'>contemptui</span> <span class='ocrx_word' id='word_1_307' title='bbox 594 3747 650 3822; x_wconf 88' lang='lat' dir='ltr'>est)</span> <span class='ocrx_word' id='word_1_308' title='bbox 677 3746 749 3802; x_wconf 87' lang='lat' dir='ltr'>tanti</span> <span class='ocrx_word' id='word_1_309' title='bbox 771 3747 868 3803; x_wconf 87' lang='lat' dir='ltr'>oneris</span> <span class='ocrx_word' id='word_1_310' title='bbox 892 3745 994 3803; x_wconf 89' lang='lat' dir='ltr'>turrim</span> <span class='ocrx_word' id='word_1_311' title='bbox 1017 3745 1046 3801; x_wconf 92' lang='lat' dir='ltr'>in</span> <span class='ocrx_word' id='word_1_312' title='bbox 1067 3761 1161 3800; x_wconf 83' lang='lat' dir='ltr'>muros</span> 
     </span>
     <span class='ocr_line' id='line_1_39' title="bbox 131 3836 563 3894; baseline -0.005 -1"><span class='ocrx_word' id='word_1_313' title='bbox 131 3855 193 3893; x_wconf 86' lang='lat' dir='ltr'>sese</span> <span class='ocrx_word' id='word_1_314' title='bbox 208 3837 349 3894; x_wconf 86' lang='lat' dir='ltr'>collocare</span> <span class='ocrx_word' id='word_1_315' title='bbox 364 3836 563 3892; x_wconf 85' lang='lat' dir='ltr'>confiderentl</span> 
     </span>
    </p>

    <p class='ocr_par' dir='ltr' id='par_1_5' title="bbox 170 3923 1160 3998">
     <span class='ocr_line' id='line_1_40' title="bbox 170 3923 1160 3998; baseline -0.004 -16"><span class='ocrx_word' id='word_1_316' title='bbox 170 3923 286 3982; x_wconf 83' lang='lat' dir='ltr'>XXXI.</span> <span class='ocrx_word' id='word_1_317' title='bbox 315 3926 371 3982; x_wconf 87' lang='lat' dir='ltr'>Ubi</span> <span class='ocrx_word' id='word_1_318' title='bbox 386 3925 453 3982; x_wconf 85' lang='lat' dir='ltr'>verd</span> <span class='ocrx_word' id='word_1_319' title='bbox 466 3927 571 3981; x_wconf 87' lang='lat' dir='ltr'>moveri</span> <span class='ocrx_word' id='word_1_320' title='bbox 587 3936 616 3980; x_wconf 88' lang='lat' dir='ltr'>et</span> <span class='ocrx_word' id='word_1_321' title='bbox 628 3927 854 3998; x_wconf 85' lang='lat' dir='ltr'>appropinquare</span> <span class='ocrx_word' id='word_1_322' title='bbox 865 3926 1009 3980; x_wconf 82' lang='lat' dir='ltr'>moenibus</span> <span class='ocrx_word' id='word_1_323' title='bbox 1020 3923 1160 3989; x_wconf 78' lang='lat' dir='ltr'>viderunt,</span> 
     </span>
    </p>
   </div>
   <div class='ocr_carea' id='block_1_3' title="bbox 0 0 1296 4270">
    <p class='ocr_par' dir='ltr' id='par_1_6' title="bbox 0 0 1296 4270">
     <span class='ocr_line' id='line_1_41' title="bbox 0 0 1296 4270; baseline 0 0"><span class='ocrx_word' id='word_1_324' title='bbox 0 0 1296 4270; x_wconf 95' lang='lat' dir='ltr'> </span> 
     </span>
    </p>
   </div>
  </div>
 </body>
</html>
