2578 4270
110 307 152 367 ss
438 307 486 358 us
509 307 625 358 sunno
648 308 809 360 cituco
944 307 1022 376 [cn.
1037 309 1143 358 rr-rs,

111 448 145 504 C.
161 448 270 504 Valerii
286 449 394 506 Caburi
410 451 511 521 lilium,
526 454 637 510 sumnui
658 454 763 510 virtute
783 463 812 509 et
832 453 1010 510 humanitate
1031 452 1143 508 adoles-

111 552 224 595 centem
241 541 336 615 (cujus
357 555 436 616 pater
452 561 468 598 a
482 543 515 599 C.
531 543 648 600 Valerio
663 545 771 600 Flacco
791 545 906 600 civitate
927 544 1049 600 donatus
1062 545 1139 621 erat)

111 643 140 686 et
153 643 266 705 propter
281 631 366 688 iidem
380 645 409 690 et
422 645 535 708 propter
549 634 655 710 linguae
666 635 785 691 Gallicae
800 635 960 704 scientiam,
976 636 1032 708 quii
1048 635 1140 690 multe

107 720 167 796 jam
182 723 343 780 Ariovistus
356 724 513 800 longinquat
534 726 742 782 consuetudme
763 727 905 795 utebatur,
920 737 949 782 et
966 725 1044 800 quod
1059 727 1089 782 in
1103 744 1140 782 eo

110 813 251 886 peccandi
265 814 417 872 Germanis
431 835 519 872 cause
532 835 590 872 non
604 828 689 887 esset,
701 817 736 872 ad
751 836 818 874 eum
832 818 955 885 mittere,
966 827 995 872 et
1010 815 1051 872 M.
1064 815 1140 874 Met-

110 902 193 972 tium,
208 905 256 978 qui
272 905 395 980 hospitio
413 907 551 964 Ariovisti
571 926 640 964 usus
660 919 729 964 erat.
771 907 827 964 His
847 907 1002 977 mandavit,
1017 917 1058 977 ut,
1073 927 1138 980 quae

110 993 219 1050 diceret
246 996 416 1068 Ariovistus,
444 1010 661 1074 cognoscerent,
684 1009 712 1055 et
737 998 772 1054 sd
799 1017 830 1054 se
856 998 1002 1054 referrent.
1051 999 1139 1058 Quos

110 1103 197 1158 quum
214 1088 288 1161 apud
302 1106 333 1144 se
355 1089 384 1144 iu
406 1090 507 1146 castris
529 1090 692 1146 Ariovistus
712 1089 916 1164 conspexisset,
932 1089 1059 1146 exercitu
1084 1108 1140 1144 suo

109 1190 259 1250 presente,
274 1179 482 1236 conclamavit:
504 1179 605 1242 ‘Quid
621 1180 656 1236 ad
670 1199 701 1236 se
715 1180 864 1236 venirentl
905 1180 954 1234 An
969 1178 1138 1254 speculandi

110 1269 198 1324 causti
208 1269 236 1324 l’
279 1269 425 1326 Conantes
439 1271 536 1328 dicere
550 1271 705 1345 prohibuit,
719 1281 748 1327 et
762 1271 791 1326 in
806 1281 923 1328 catenas
937 1270 1069 1346 conjecit.

149 1357 290 1416 XLVIII.
319 1360 429 1417 Eodem
451 1361 498 1417 die
522 1372 616 1418 castra
634 1361 784 1436 promovit,
805 1371 834 1418 et
854 1361 981 1418 millibus
1000 1379 1137 1436 passuum

110 1465 159 1504 sex
175 1467 190 1504 a
205 1449 328 1506 Caesaris
342 1452 443 1508 castris
461 1452 514 1508 sub
535 1463 631 1509 monte
652 1453 790 1509 consedit.
832 1451 974 1508 Postridie
995 1453 1056 1527 ejus
1077 1451 1137 1507 dlei

109 1551 211 1613 praeter
232 1553 326 1597 cestra
347 1541 469 1598 Caesuris
490 1562 555 1600 suas
577 1544 674 1617 copias
695 1542 863 1612 transduxit,
879 1554 908 1599 et
928 1542 1054 1600 millibus
1074 1561 1138 1616 pas·

110 1650 193 1688 suum
208 1633 320 1690 duobus
335 1634 409 1690 ultra
430 1653 495 1691 eum
518 1646 611 1691 castra
632 1635 710 1704 fecit,
725 1654 760 1692 eo
783 1635 914 1705 consilio,
929 1633 969 1692 uti
993 1635 1138 1692 frumento

110 1738 339 1798 commeatuque,
354 1725 403 1798 qui
417 1744 452 1782 ex
467 1725 609 1799 Sequanis
629 1737 658 1782 et
680 1725 784 1782 AEduis
804 1737 1026 1800 supportaretur,
1041 1725 1138 1782 Caesa·

109 1833 169 1870 rem
196 1816 405 1872 intercluderet.
448 1817 492 1874 Ex
513 1835 549 1873 eo
572 1817 619 1873 die
643 1816 704 1873 dies
718 1817 871 1873 continuos
891 1817 1017 1890 quinque
1037 1817 1137 1872 Cesar

109 1923 162 1980 pro
175 1908 275 1962 castris
290 1927 355 1963 suas
370 1908 467 1982 copias
480 1907 623 1982 produxit,
637 1919 666 1964 et
681 1908 772 1964 aciem
787 1908 954 1964 instructam
969 1908 1078 1978 habuit,
1094 1921 1136 1978 ut,

110 1997 134 2052 si
150 1984 232 2054 vellet
248 1998 409 2054 Ariovistus
422 1999 523 2072 proelio
544 1999 728 2068 contendere,
743 1998 770 2054 ei
791 2010 916 2073 potestas
935 2017 992 2055 non
1014 2000 1133 2056 deesset

110 2087 273 2144 Ariovistus
301 2089 345 2144 his
371 2089 505 2146 omnibus
531 2089 632 2146 diebus
660 2090 816 2146 exercitum
843 2090 944 2147 cestris
972 2091 1133 2161 contiuuit;

110 2180 233 2251 equestri
260 2180 359 2253 proelio
383 2180 510 2253 quotidie
532 2181 688 2236 contendit.
729 2181 829 2236 Genus
856 2181 911 2237 hoc
938 2193 998 2238 erat
1019 2200 1134 2258 pugnae,

110 2288 167 2342 quo
180 2289 211 2325 se
224 2271 361 2326 Germani
377 2283 571 2328 exercuerant.
614 2271 751 2346 Equitum
766 2271 856 2328 millia
876 2283 957 2328 erant
976 2291 1044 2341 sex;
1070 2273 1135 2330 toti·

109 2359 174 2416 dem
191 2380 310 2418 numero
330 2362 440 2436 pedites
464 2361 635 2418 velocissimi
660 2381 694 2418 ac
716 2362 879 2431 fortissimi;
901 2382 973 2437 quos
996 2381 1031 2420 err
1055 2364 1133 2420 omni

109 2452 192 2525 copia
208 2452 312 2528 singuli
328 2453 457 2528 singulos
470 2471 529 2510 suae
549 2452 649 2508 salutis
670 2454 757 2510 causti
778 2453 951 2528 delegerant.
992 2454 1134 2512 Cumhis

110 2541 138 2601 in
164 2544 270 2616 puellis
293 2545 487 2613 versabantur,
513 2543 546 2600 sd
570 2542 621 2600 hos
644 2563 675 2600 se
696 2544 807 2618 equites
831 2544 1022 2619 recipIebant:
1046 2545 1084 2615 hi,
1109 2545 1133 2602 si

108 2634 175 2707 quid
201 2649 261 2692 erat
283 2636 392 2706 durius,
414 2635 644 2694 concurrebant:
669 2635 692 2691 si
715 2636 774 2710 qul,
798 2635 927 2711 graviore
949 2635 1065 2692 vulnere
1089 2655 1134 2692 ac·

109 2739 203 2798 cepto,
227 2746 302 2799 equo
324 2728 479 2796 deciderat,
504 2726 769 2784 circumsistebant:
801 2726 825 2782 si
850 2726 906 2800 quo
931 2737 992 2782 erat
1019 2724 1134 2802 longius

87 2806 90 2812 ’
108 2816 317 2889 prodeundum,
333 2830 381 2874 aut
395 2816 518 2874 celerius
533 2817 740 2891 recipiendum,
754 2827 833 2872 tanta
853 2828 913 2872 erat
934 2817 1043 2872 horum
1055 2836 1134 2874 exer·

109 2906 246 2962 citatione
271 2907 411 2977 celeritas,
433 2919 474 2977 ut,
492 2908 569 2982 jubis
593 2926 731 2982 equorum
752 2906 900 2976 sublevatI,
923 2924 1039 2966 cursum
1061 2909 1134 2964 adae·

109 3009 237 3070 quareut.

149 3087 259 3145 XLIX.
288 3087 344 3144 Ubi
359 3107 425 3144 eum
440 3089 540 3146 castris
554 3109 584 3146 se
598 3104 696 3147 tenere
710 3087 807 3144 Caesar
818 3088 966 3159 intellexit,
977 3109 1014 3147 ne
1025 3091 1134 3148 diutius

110 3191 270 3234 commeatu
286 3179 492 3252 prohiberetur,
507 3181 581 3237 ultra
595 3199 661 3236 eum
674 3180 781 3248 locum,
796 3198 853 3252 quo
867 3179 896 3235 in
911 3180 975 3236 loco
995 3182 1133 3238 Germani

109 3270 308 3339 consederant,
323 3270 437 3327 circiter
457 3291 557 3345 passus
577 3281 727 3342 sexcentos
748 3271 783 3326 ab
804 3270 855 3339 eiS,
875 3271 975 3327 castris
998 3271 1132 3328 idoneum

109 3361 205 3418 locum
220 3361 335 3437 delegit,
352 3362 470 3435 acieque
491 3362 596 3436 triplici
617 3362 766 3431 instructis,
783 3361 817 3417 ad
838 3380 904 3418 eum
928 3362 1023 3418 locum
1046 3363 1132 3418 venit.

109 3452 234 3509 Primam
250 3464 278 3508 et
292 3452 446 3510 secundam
463 3452 553 3508 aciem
568 3453 597 3508 in
613 3453 698 3508 armis
709 3471 780 3521 esse,
792 3453 905 3508 tertiam
917 3463 1010 3508 castra
1021 3453 1133 3508 munire

106 3542 198 3618 jussit.
242 3543 299 3600 Hic
314 3544 394 3599 locus
409 3544 444 3598 ab
458 3543 539 3599 hoste
553 3543 667 3599 circiter
681 3563 781 3617 passus
795 3554 954 3610 sexcentos,
966 3541 1131 3624 utidictum

110 3649 162 3703 est,
179 3637 283 3692 aberat.
325 3633 369 3690 Ed
385 3635 499 3689 circiter
514 3634 660 3689 hominum
676 3652 796 3689 numero
810 3633 883 3690 XVI
898 3633 988 3688 millia
1002 3633 1134 3706 expedita

111 3745 176 3782 cum
192 3727 269 3782 omni
284 3727 411 3799 equitatu
427 3724 588 3780 Ariovistus
602 3724 688 3791 misit,
704 3743 766 3796 quae
787 3723 877 3797 copisa
899 3734 1009 3778 nostros
1030 3736 1134 3796 perter-

111 3831 205 3874 rerem
220 3831 248 3874 et
262 3818 421 3874 munitione
435 3815 625 3890 prohiberent.
668 3813 769 3868 Nihilo
783 3812 878 3869 secius
892 3813 1000 3882 Caesar,
1015 3825 1046 3870 ut
1067 3814 1133 3870 ante

111 3908 392 3979 constitueramus
415 3907 491 3965 acies
514 3906 624 3964 hostem
647 3904 823 3980 propulsare,
845 3904 958 3959 tertiam
980 3923 1051 3980 opus
1073 3923 1135 3980 per.

879 4101 899 4130 N
