2566 4270
145 297 202 358 toz
470 294 520 344 na
542 293 660 344 namn
683 293 844 346 oaumco
980 297 1061 364 foa».
1079 295 1179 350 n-ir

143 459 210 500 cum
231 439 350 516 rellquis
369 438 516 516 pendunt;
537 438 648 496 militis
672 439 853 498 vacationem
873 441 1066 516 omniumque
1084 459 1187 503 rerum

143 533 251 590 babent
271 532 491 590 immunitatem.
532 531 639 588 Tantis
658 532 777 588 excitati
796 533 934 607 praemiis,
948 544 978 590 et
1000 534 1055 590 sud
1079 545 1187 610 sponte

143 625 225 682 multi
241 623 469 698 indisciplinam
488 623 674 694 conveniunt,
689 634 718 680 et
733 643 750 679 a
763 625 931 698 parentibus
952 625 1186 706 propinquisque

143 716 303 774 mittuntur.
346 714 488 792 Magnum
502 715 542 771 ibi
556 733 709 770 numerum
724 731 857 771 versuum
871 715 1003 774 ediscere
1022 715 1184 775 dicuntur:

144 807 240 882 itaque
255 826 345 864 annos
358 806 490 864 nonnulli
504 807 622 862 vicenos
637 805 666 862 in
682 805 836 880 disciplind
850 817 1028 881 permanent.
1072 805 1184 882 Neque

145 898 186 955 las
209 917 273 956 esse
296 899 460 956 existimant
481 915 517 954 ea
539 897 630 954 literis
652 897 800 968 mandare,
814 915 904 971 quum
925 897 956 954 in
976 897 1096 972 reliquis
1118 897 1182 957 sere

143 991 239 1060 rebus,
253 990 378 1066 publicis
391 989 565 1066 privatisque
576 987 736 1046 rationibus
745 988 858 1045 Graecis
870 987 962 1046 literis
976 999 1101 1048 utantur.
1143 989 1183 1047 Id

144 1081 215 1143 mibi
242 1081 355 1138 duabus
381 1081 418 1138 de
442 1081 538 1136 causis
562 1079 721 1136 instituisse
744 1079 897 1149 videntur;
925 1077 1004 1154 qubd
1030 1099 1128 1156 neque
1148 1081 1181 1139 in

144 1174 261 1249 vulgum
284 1172 467 1248 disciplinam
491 1171 586 1228 efferri
608 1171 706 1241 velint,
721 1189 817 1245 neque
840 1189 900 1241 eas,
922 1171 972 1246 qui
995 1171 1121 1244 discant,
1135 1173 1184 1230 lit·

145 1264 202 1320 eris
224 1264 358 1334 confisos,
381 1261 478 1320 mimis
499 1263 646 1320 memoriae
671 1262 795 1320 studere.
836 1261 929 1323 Quod
952 1260 1013 1320 fere
1033 1263 1184 1338 plerisque

146 1355 263 1423 accidit,
285 1365 327 1424 ut,
347 1353 483 1429 presidio
505 1354 652 1410 literarum
676 1353 857 1430 diligentiam
879 1353 910 1411 in
931 1353 1126 1428 perdiscendo
1146 1373 1184 1412 ac

102 1485 106 1491 .
146 1444 312 1502 memoriam
333 1445 488 1502 remittant.
530 1444 564 1500 ln
586 1445 686 1520 primis
710 1445 766 1502 boc
788 1445 889 1501 volunt
915 1444 1099 1520 persuadere,
1122 1464 1184 1503 non

146 1536 264 1594 interire
289 1536 408 1605 animas,
433 1535 483 1592 sed
509 1535 544 1591 ab
567 1537 630 1592 aliis
656 1547 864 1612 postmortem
890 1535 1012 1593 transire
1033 1535 1069 1592 ad
1091 1536 1182 1596 alios:

147 1638 233 1704 atque
258 1627 314 1684 boc
335 1624 460 1684 maxime
488 1626 523 1682 ad
545 1627 679 1684 virtutem
703 1627 823 1684 excitari
844 1637 956 1703 putant,
978 1638 1056 1686 metu
1081 1627 1184 1685 mortis

146 1720 288 1796 neglecto.
331 1717 425 1775 Multa
438 1729 576 1794 praeterea
590 1718 626 1774 de
647 1718 790 1775 sideribus
811 1730 897 1793 atque
917 1737 1016 1776 eorum
1036 1731 1130 1791 motu,
1145 1719 1185 1778 de

148 1811 248 1868 mundi
263 1829 297 1868 ac
317 1821 458 1868 terrarum
479 1809 688 1886 magnitudine,
704 1809 740 1867 de
760 1829 855 1866 rerum
877 1811 989 1880 naturd,
1004 1811 1040 1868 de
1061 1811 1183 1869 deorum

148 1903 351 1960 immortalium
365 1902 392 1959 vi
407 1921 442 1959 ac
455 1912 596 1977 potestate
610 1901 766 1976 disputant,
782 1911 811 1958 et
822 1902 966 1976 juventuti
980 1901 1107 1960 tradunt.

188 1985 255 2050 XV.
284 1994 416 2051 Alterum
431 2011 523 2070 genus
537 2003 580 2050 est
594 1994 731 2067 equiturn.
774 1991 826 2062 Hi,
841 2011 929 2067 quum
944 2006 987 2050 est
1000 2012 1080 2063 usus,
1096 2004 1185 2069 atque

150 2083 264 2158 aliquod
278 2085 384 2140 bellum
399 2084 510 2156 incidit,
527 2083 617 2161 (quod
633 2095 698 2141 ante
713 2083 837 2140 Caesaris
854 2083 1006 2140 adventum
1022 2083 1082 2142 ferd
1099 2097 1186 2160 quot·

46 2181 48 2190 ’
150 2175 232 2232 annis
253 2175 385 2232 accidere
405 2176 524 2247 solebat,
540 2175 580 2234 utl
597 2185 645 2232 aut
659 2175 712 2251 ipsi
727 2173 846 2250 injurias
861 2174 1009 2245 inferrent,
1025 2187 1074 2232 aut
1088 2177 1184 2234 illatas

148 2266 360 2344 propulsarent)
375 2285 476 2324 omues
490 2267 520 2324 in
541 2267 617 2324 bello
636 2277 803 2324 versantur:
827 2278 912 2340 atque
932 2285 1031 2324 eorum
1054 2279 1084 2324 ut
1105 2269 1184 2342 quis·

149 2375 206 2432 que
219 2369 262 2414 est
282 2375 388 2433 genere
408 2357 557 2432 copiisque
579 2359 780 2434 amplissimus,
796 2358 836 2415 ita
859 2357 997 2433 plurimos
1017 2359 1129 2416 circum
1151 2377 1183 2417 se

151 2449 296 2506 ambactos
311 2448 488 2524 clientesque
502 2449 616 2507 habent.
659 2449 746 2506 Hanc
760 2467 848 2506 unam
869 2450 990 2525 gratiam
1010 2451 1184 2525 potentiam-

149 2559 205 2617 que
218 2552 366 2600 noverunt.

189 2633 271 2692 XVI.
300 2633 390 2692 Natio
404 2643 447 2692 est
466 2633 560 2691 omnis
580 2633 730 2690 Gallorum
753 2631 908 2688 admodum
928 2633 1026 2690 dedita
1048 2633 1184 2711 religion·

150 2725 231 2794 ibus;
255 2737 339 2800 atque
359 2725 397 2783 ob
417 2744 481 2784 eam
495 2744 622 2794 causam,
638 2723 686 2798 qui
707 2734 773 2780 sunt
795 2723 889 2780 affecti
910 2724 1088 2800 gravioribus
1109 2744 1184 2782 rnor-

151 2817 194 2874 bis
215 2819 321 2891 quique
344 2818 374 2873 iu
395 2817 503 2893 proeliis
527 2816 720 2892 periculisque
742 2825 899 2885 versantur,
916 2825 964 2874 aut
983 2835 1036 2890 pro
1056 2813 1183 2874 victimis

151 2907 283 2964 homines
307 2907 465 2978 immolant,
481 2918 530 2966 aut
553 2925 584 2964 se
605 2906 801 2963 immolaturos
822 2915 935 2976 vovent,
951 2907 1182 2982 administrisque

152 2997 186 3056 ad
202 3016 236 3056 ea
250 2997 392 3056 sacrificia
405 2997 564 3056 Druidibus
577 3009 715 3068 utuntur;
735 2993 825 3071 quiid,
840 3016 893 3072 pro
906 2997 964 3056 vite
980 2997 1105 3056 bominis
1125 2998 1181 3056 nisi
1255 2990 1260 2996 ⁸

151 3088 276 3147 hominis
297 3089 356 3146 vita
379 3089 523 3160 reddatur,
546 3109 605 3146 non
625 3108 710 3164 posse
732 3089 813 3146 aliter
836 3088 956 3146 deorum
978 3088 1181 3146 immortalium

151 3199 259 3240 numen
272 3180 381 3256 placari
396 3181 586 3240 arbitrantur:
607 3179 782 3258 publiceque
797 3179 925 3255 ejusdem
939 3180 1053 3255 generis
1074 3180 1182 3238 babent

152 3272 282 3332 instituta
295 3271 444 3330 sacrificia.
486 3271 546 3330 Alii
562 3271 678 3330 immani
691 3271 889 3348 magnitudine
899 3271 1053 3328 simulacra
1064 3271 1179 3342 habent,

152 3381 273 3439 quorum
288 3373 422 3420 contexta
434 3361 588 3420 viminibus
606 3363 735 3420 membra
754 3362 825 3420 vivis
846 3359 1011 3418 bominibus
1025 3361 1179 3436 complent,

153 3453 257 3532 quibus
279 3454 436 3527 succensis,
461 3453 649 3512 circumventi
671 3453 786 3511 flamma
813 3453 1013 3512 exanimantur
1041 3451 1179 3509 homines.

154 3546 304 3623 Supplicia
318 3564 426 3616 eorum,
442 3545 489 3621 qul
506 3564 535 3602 ιιι
550 3545 625 3602 furto
640 3557 687 3602 aut
702 3545 731 3602 in
745 3543 898 3602 latrocinio
918 3554 969 3600 aut
990 3542 1084 3615 aliqud
1107 3543 1180 3598 nord

154 3639 210 3698 sint
231 3638 440 3714 comprehensi,
456 3637 580 3714 gratiora
599 3635 654 3693 diis
676 3635 883 3692 immortalibus
904 3653 967 3691 esse
988 3635 1179 3690 arbitrantur:

154 3731 214 3802 sed,
237 3749 324 3806 quum
347 3729 408 3806 ejus
430 3729 544 3806 generis
568 3728 652 3802 copia
674 3725 781 3798 deficit,
804 3727 891 3784 etiam
920 3725 956 3782 ad
984 3723 1180 3782 innocentium

154 3821 296 3896 supplicia
309 3821 496 3878 descendunt.

214 3909 293 3968 tv11.
321 3909 417 3970 Deum
432 3906 556 3968 maxime
568 3905 746 3966 Mercurium
757 3907 857 3964 colunt
866 3927 873 3964 :
882 3907 975 3981 hujus
984 3917 1050 3966 sunt
1060 3905 1183 3982 plurima
