<?xml version="1.0" encoding="UTF-8"?>
<!DOCTYPE html PUBLIC "-//W3C//DTD XHTML 1.0 Transitional//EN"
    "http://www.w3.org/TR/xhtml1/DTD/xhtml1-transitional.dtd">
<html xmlns="http://www.w3.org/1999/xhtml" xml:lang="en" lang="en">
 <head>
  <title>
</title>
<meta http-equiv="Content-Type" content="text/html;charset=utf-8" />
  <meta name='ocr-system' content='tesseract 3.04.00' />
  <meta name='ocr-capabilities' content='ocr_page ocr_carea ocr_par ocr_line ocrx_word'/>
</head>
<body>
  <div class='ocr_page' id='page_1' title='image "./cjuliuscaesarsc00caesgoog_0096.png"; bbox 0 0 2566 4270; ppageno 0'>
   <div class='ocr_carea' id='block_1_1' title="bbox 137 271 1181 348">
    <p class='ocr_par' dir='ltr' id='par_1_1' title="bbox 137 271 1181 348">
     <span class='ocr_line' id='line_1_1' title="bbox 137 271 1181 348; baseline -0.009 -19"><span class='ocrx_word' id='word_1_1' title='bbox 137 281 183 348; x_wconf 60' lang='grc' dir='ltr'><strong>ῃ</strong></span> <span class='ocrx_word' id='word_1_2' title='bbox 470 275 520 326; x_wconf 85' lang='lat' dir='ltr'><strong>ns</strong></span> <span class='ocrx_word' id='word_1_3' title='bbox 541 273 659 324; x_wconf 77' lang='lat' dir='ltr'><strong>nemo</strong></span> <span class='ocrx_word' id='word_1_4' title='bbox 682 271 843 321; x_wconf 76' lang='lat' dir='ltr'><strong>oncnroo</strong></span> <span class='ocrx_word' id='word_1_5' title='bbox 976 273 1056 337; x_wconf 64' lang='lat' dir='ltr'><strong>[ors.</strong></span> <span class='ocrx_word' id='word_1_6' title='bbox 1073 272 1181 320; x_wconf 82' lang='lat' dir='ltr'><strong>sc-ee</strong></span> 
     </span>
    </p>
   </div>
   <div class='ocr_carea' id='block_1_2' title="bbox 138 412 1182 3386">
    <p class='ocr_par' dir='ltr' id='par_1_2' title="bbox 143 412 1182 934">
     <span class='ocr_line' id='line_1_2' title="bbox 143 412 1182 498; baseline -0.01 -18"><span class='ocrx_word' id='word_1_7' title='bbox 143 439 210 498; x_wconf 80' lang='lat' dir='ltr'><strong>pers</strong></span> <span class='ocrx_word' id='word_1_8' title='bbox 222 419 346 478; x_wconf 84' lang='lat' dir='ltr'><strong>militum</strong></span> <span class='ocrx_word' id='word_1_9' title='bbox 360 417 527 476; x_wconf 78' lang='lat' dir='ltr'><strong>exaudiret:</strong></span> <span class='ocrx_word' id='word_1_10' title='bbox 548 415 685 489; x_wconf 88' lang='lat' dir='ltr'><strong>“Neque</strong></span> <span class='ocrx_word' id='word_1_11' title='bbox 705 414 729 471; x_wconf 91' lang='lat' dir='ltr'><strong>is</strong></span> <span class='ocrx_word' id='word_1_12' title='bbox 749 415 841 484; x_wconf 88' lang='lat' dir='ltr'><strong>sum‚&#39;&#39;</strong></span> <span class='ocrx_word' id='word_1_13' title='bbox 857 412 960 487; x_wconf 88' lang='lat' dir='ltr'><strong>inquit,</strong></span> <span class='ocrx_word' id='word_1_14' title='bbox 975 420 993 446; x_wconf 89' lang='lat'><strong>“</strong></span> <span class='ocrx_word' id='word_1_15' title='bbox 1006 413 1056 487; x_wconf 91' lang='lat' dir='ltr'><strong>qui</strong></span> <span class='ocrx_word' id='word_1_16' title='bbox 1071 413 1182 488; x_wconf 77' lang='lat' dir='ltr'><strong>gravis</strong></span> 
     </span>
     <span class='ocr_line' id='line_1_3' title="bbox 144 504 1181 583; baseline -0.006 -15"><span class='ocrx_word' id='word_1_17' title='bbox 144 509 217 570; x_wconf 69' lang='lat' dir='ltr'><strong>sime</strong></span> <span class='ocrx_word' id='word_1_18' title='bbox 226 510 362 578; x_wconf 61' lang='lat' dir='ltr'><strong>euobis</strong></span> <span class='ocrx_word' id='word_1_19' title='bbox 375 509 479 566; x_wconf 88' lang='lat' dir='ltr'><strong>mortis·</strong></span> <span class='ocrx_word' id='word_1_20' title='bbox 488 507 618 583; x_wconf 90' lang='lat' dir='ltr'><strong>periculo</strong></span> <span class='ocrx_word' id='word_1_21' title='bbox 631 517 757 562; x_wconf 80' lang='lat' dir='ltr'><strong>terrear:</strong></span> <span class='ocrx_word' id='word_1_22' title='bbox 780 505 809 561; x_wconf 92' lang='lat' dir='ltr'><strong>hi</strong></span> <span class='ocrx_word' id='word_1_23' title='bbox 830 505 952 579; x_wconf 83' lang='lat' dir='ltr'><strong>sapient,</strong></span> <span class='ocrx_word' id='word_1_24' title='bbox 966 513 995 560; x_wconf 86' lang='lat' dir='ltr'><strong>et</strong></span> <span class='ocrx_word' id='word_1_25' title='bbox 1015 504 1039 560; x_wconf 89' lang='lat' dir='ltr'><strong>si</strong></span> <span class='ocrx_word' id='word_1_26' title='bbox 1060 505 1181 580; x_wconf 81' lang='lat' dir='ltr'><strong>gravius</strong></span> 
     </span>
     <span class='ocr_line' id='line_1_4' title="bbox 144 593 1179 676; baseline -0.006 -18"><span class='ocrx_word' id='word_1_27' title='bbox 144 602 213 676; x_wconf 91' lang='lat' dir='ltr'><strong>quid</strong></span> <span class='ocrx_word' id='word_1_28' title='bbox 230 593 377 670; x_wconf 81' lang='lat' dir='ltr'><strong>acciderit,</strong></span> <span class='ocrx_word' id='word_1_29' title='bbox 392 600 443 656; x_wconf 84' lang='lat' dir='ltr'><strong>obs</strong></span> <span class='ocrx_word' id='word_1_30' title='bbox 456 610 485 655; x_wconf 88' lang='lat' dir='ltr'><strong>te</strong></span> <span class='ocrx_word' id='word_1_31' title='bbox 499 599 638 655; x_wconf 83' lang='lat' dir='ltr'><strong>rationem</strong></span> <span class='ocrx_word' id='word_1_32' title='bbox 652 606 823 670; x_wconf 82' lang='lat' dir='ltr'><strong>reposcent:</strong></span> <span class='ocrx_word' id='word_1_33' title='bbox 845 597 905 669; x_wconf 89' lang='lat' dir='ltr'><strong>qui,</strong></span> <span class='ocrx_word' id='word_1_34' title='bbox 920 595 944 651; x_wconf 92' lang='lat' dir='ltr'><strong>si</strong></span> <span class='ocrx_word' id='word_1_35' title='bbox 957 613 1008 669; x_wconf 91' lang='lat' dir='ltr'><strong>per</strong></span> <span class='ocrx_word' id='word_1_36' title='bbox 1028 606 1057 651; x_wconf 90' lang='lat' dir='ltr'><strong>te</strong></span> <span class='ocrx_word' id='word_1_37' title='bbox 1078 595 1179 666; x_wconf 85' lang='lat' dir='ltr'><strong>liceat,</strong></span> 
     </span>
     <span class='ocr_line' id='line_1_5' title="bbox 145 687 1177 769; baseline -0.007 -20"><span class='ocrx_word' id='word_1_38' title='bbox 145 693 303 769; x_wconf 88' lang='lat' dir='ltr'><strong>perendino</strong></span> <span class='ocrx_word' id='word_1_39' title='bbox 329 692 377 748; x_wconf 90' lang='lat' dir='ltr'><strong>die</strong></span> <span class='ocrx_word' id='word_1_40' title='bbox 401 709 468 747; x_wconf 90' lang='lat' dir='ltr'><strong>oum</strong></span> <span class='ocrx_word' id='word_1_41' title='bbox 488 688 626 764; x_wconf 81' lang='lat' dir='ltr'>proximis</span> <span class='ocrx_word' id='word_1_42' title='bbox 649 687 777 743; x_wconf 87' lang='lat' dir='ltr'><strong>hibernis</strong></span> <span class='ocrx_word' id='word_1_43' title='bbox 804 687 963 761; x_wconf 88' lang='lat' dir='ltr'><strong>conjuncti,</strong></span> <span class='ocrx_word' id='word_1_44' title='bbox 991 705 1177 744; x_wconf 90' lang='lat' dir='ltr'><strong>communem</strong></span> 
     </span>
     <span class='ocr_line' id='line_1_6' title="bbox 146 777 1178 859; baseline -0.006 -17"><span class='ocrx_word' id='word_1_45' title='bbox 146 803 213 842; x_wconf 91' lang='lat' dir='ltr'><strong>cum</strong></span> <span class='ocrx_word' id='word_1_46' title='bbox 226 785 344 859; x_wconf 89' lang='lat' dir='ltr'><strong>reliquis</strong></span> <span class='ocrx_word' id='word_1_47' title='bbox 358 784 425 841; x_wconf 89' lang='lat' dir='ltr'><strong>belli</strong></span> <span class='ocrx_word' id='word_1_48' title='bbox 439 801 538 840; x_wconf 84' lang='lat' dir='ltr'><strong>casum</strong></span> <span class='ocrx_word' id='word_1_49' title='bbox 553 781 722 851; x_wconf 77' lang='lat' dir='ltr'><strong>sustineant,</strong></span> <span class='ocrx_word' id='word_1_50' title='bbox 734 797 789 836; x_wconf 89' lang='lat' dir='ltr'><strong>nec</strong></span> <span class='ocrx_word' id='word_1_51' title='bbox 799 779 899 855; x_wconf 85' lang='lat' dir='ltr'><strong>rejecti</strong></span> <span class='ocrx_word' id='word_1_52' title='bbox 913 790 942 836; x_wconf 90' lang='lat' dir='ltr'><strong>et</strong></span> <span class='ocrx_word' id='word_1_53' title='bbox 955 779 1075 855; x_wconf 81' lang='lat' dir='ltr'><strong>relegati</strong></span> <span class='ocrx_word' id='word_1_54' title='bbox 1088 777 1178 856; x_wconf 70' lang='lat' dir='ltr'><strong>longe</strong></span> 
     </span>
     <span class='ocr_line' id='line_1_7' title="bbox 147 871 790 934; baseline -0.009 -2"><span class='ocrx_word' id='word_1_55' title='bbox 147 876 183 932; x_wconf 86' lang='lat' dir='ltr'><strong>eb</strong></span> <span class='ocrx_word' id='word_1_56' title='bbox 197 877 302 934; x_wconf 89' lang='lat' dir='ltr'><strong>ceteris</strong></span> <span class='ocrx_word' id='word_1_57' title='bbox 316 886 366 932; x_wconf 86' lang='lat' dir='ltr'><strong>eut</strong></span> <span class='ocrx_word' id='word_1_58' title='bbox 379 875 455 931; x_wconf 88' lang='lat' dir='ltr'><strong>ferro</strong></span> <span class='ocrx_word' id='word_1_59' title='bbox 469 884 518 930; x_wconf 81' lang='lat' dir='ltr'><strong>eut</strong></span> <span class='ocrx_word' id='word_1_60' title='bbox 532 873 607 930; x_wconf 77' lang='lat' dir='ltr'><strong>ferne</strong></span> <span class='ocrx_word' id='word_1_61' title='bbox 621 871 790 928; x_wconf 80' lang='lat' dir='ltr'><strong>intereant.”</strong></span> 
     </span>
    </p>

    <p class='ocr_par' dir='ltr' id='par_1_3' title="bbox 138 960 1180 2302">
     <span class='ocr_line' id='line_1_8' title="bbox 186 960 1178 1041; baseline -0.005 -19"><span class='ocrx_word' id='word_1_62' title='bbox 186 965 303 1024; x_wconf 87' lang='lat' dir='ltr'>XXXI.</span> <span class='ocrx_word' id='word_1_63' title='bbox 332 965 523 1041; x_wconf 85' lang='lat' dir='ltr'><strong>Consurgitur</strong></span> <span class='ocrx_word' id='word_1_64' title='bbox 537 981 573 1020; x_wconf 87' lang='lat' dir='ltr'><strong>ex</strong></span> <span class='ocrx_word' id='word_1_65' title='bbox 593 962 731 1031; x_wconf 89' lang='lat' dir='ltr'><strong>consilio;</strong></span> <span class='ocrx_word' id='word_1_66' title='bbox 753 960 1002 1036; x_wconf 90' lang='lat' dir='ltr'><strong>comprehendunt</strong></span> <span class='ocrx_word' id='word_1_67' title='bbox 1022 969 1178 1034; x_wconf 89' lang='lat' dir='ltr'><strong>utrumque</strong></span> 
     </span>
     <span class='ocr_line' id='line_1_9' title="bbox 145 1051 1178 1127; baseline -0.006 -13"><span class='ocrx_word' id='word_1_68' title='bbox 145 1066 287 1127; x_wconf 80' lang='lat' dir='ltr'><strong>ctorem,</strong></span> <span class='ocrx_word' id='word_1_69' title='bbox 309 1063 364 1113; x_wconf 90' lang='lat' dir='ltr'><strong>‘ne</strong></span> <span class='ocrx_word' id='word_1_70' title='bbox 386 1057 440 1112; x_wconf 82' lang='lat' dir='ltr'><strong>suti</strong></span> <span class='ocrx_word' id='word_1_71' title='bbox 460 1053 638 1112; x_wconf 79' lang='lat' dir='ltr'><strong>dissensione</strong></span> <span class='ocrx_word' id='word_1_72' title='bbox 660 1063 689 1110; x_wconf 91' lang='lat' dir='ltr'><strong>et</strong></span> <span class='ocrx_word' id='word_1_73' title='bbox 708 1052 868 1127; x_wconf 76' lang='lat' dir='ltr'><strong>pertinaciri</strong></span> <span class='ocrx_word' id='word_1_74' title='bbox 893 1070 953 1108; x_wconf 88' lang='lat' dir='ltr'><strong>rem</strong></span> <span class='ocrx_word' id='word_1_75' title='bbox 974 1051 1004 1106; x_wconf 88' lang='lat' dir='ltr'><strong>in</strong></span> <span class='ocrx_word' id='word_1_76' title='bbox 1031 1069 1178 1108; x_wconf 87' lang='lat' dir='ltr'><strong>summum</strong></span> 
     </span>
     <span class='ocr_line' id='line_1_10' title="bbox 146 1141 1179 1222; baseline -0.006 -18"><span class='ocrx_word' id='word_1_77' title='bbox 146 1147 308 1222; x_wconf 89' lang='lat' dir='ltr'><strong>periculum</strong></span> <span class='ocrx_word' id='word_1_78' title='bbox 322 1147 485 1203; x_wconf 84' lang='lat' dir='ltr'><strong>deducent:</strong></span> <span class='ocrx_word' id='word_1_79' title='bbox 507 1145 622 1202; x_wconf 77' lang='lat' dir='ltr'><strong>facilem</strong></span> <span class='ocrx_word' id='word_1_80' title='bbox 642 1161 705 1200; x_wconf 91' lang='lat' dir='ltr'><strong>esse</strong></span> <span class='ocrx_word' id='word_1_81' title='bbox 724 1161 795 1213; x_wconf 88' lang='lat' dir='ltr'><strong>rem,</strong></span> <span class='ocrx_word' id='word_1_82' title='bbox 810 1161 860 1200; x_wconf 89' lang='lat' dir='ltr'><strong>seu</strong></span> <span class='ocrx_word' id='word_1_83' title='bbox 875 1153 1020 1211; x_wconf 79' lang='lat' dir='ltr'><strong>moneant,</strong></span> <span class='ocrx_word' id='word_1_84' title='bbox 1035 1159 1086 1198; x_wconf 90' lang='lat' dir='ltr'><strong>seu</strong></span> <span class='ocrx_word' id='word_1_85' title='bbox 1101 1141 1179 1217; x_wconf 80' lang='lat' dir='ltr'><strong>prof-</strong></span> 
     </span>
     <span class='ocr_line' id='line_1_11' title="bbox 147 1231 1179 1307; baseline -0.004 -15"><span class='ocrx_word' id='word_1_86' title='bbox 147 1237 314 1306; x_wconf 82' lang='lat' dir='ltr'><strong>iciscentur,</strong></span> <span class='ocrx_word' id='word_1_87' title='bbox 328 1237 353 1292; x_wconf 89' lang='lat' dir='ltr'><strong>si</strong></span> <span class='ocrx_word' id='word_1_88' title='bbox 373 1235 459 1292; x_wconf 83' lang='lat' dir='ltr'><strong>modb</strong></span> <span class='ocrx_word' id='word_1_89' title='bbox 474 1255 564 1292; x_wconf 91' lang='lat' dir='ltr'><strong>unum</strong></span> <span class='ocrx_word' id='word_1_90' title='bbox 586 1253 686 1291; x_wconf 79' lang='lat' dir='ltr'><strong>omnes</strong></span> <span class='ocrx_word' id='word_1_91' title='bbox 709 1234 834 1290; x_wconf 86' lang='lat' dir='ltr'><strong>sentiant</strong></span> <span class='ocrx_word' id='word_1_92' title='bbox 856 1252 890 1289; x_wconf 86' lang='lat' dir='ltr'><strong>ac</strong></span> <span class='ocrx_word' id='word_1_93' title='bbox 913 1233 1051 1307; x_wconf 88' lang='lat' dir='ltr'><strong>probent;</strong></span> <span class='ocrx_word' id='word_1_94' title='bbox 1074 1231 1179 1289; x_wconf 75' lang='lat' dir='ltr'><strong>contris</strong></span> 
     </span>
     <span class='ocr_line' id='line_1_12' title="bbox 144 1323 1179 1399; baseline -0.002 -17"><span class='ocrx_word' id='word_1_95' title='bbox 144 1326 178 1382; x_wconf 85' lang='lat' dir='ltr'><strong>in</strong></span> <span class='ocrx_word' id='word_1_96' title='bbox 191 1326 369 1383; x_wconf 77' lang='lat' dir='ltr'><strong>dissensione</strong></span> <span class='ocrx_word' id='word_1_97' title='bbox 382 1326 491 1382; x_wconf 81' lang='lat' dir='ltr'><strong>nullam</strong></span> <span class='ocrx_word' id='word_1_98' title='bbox 505 1343 536 1382; x_wconf 92' lang='lat' dir='ltr'><strong>se</strong></span> <span class='ocrx_word' id='word_1_99' title='bbox 550 1325 669 1382; x_wconf 80' lang='lat' dir='ltr'><strong>salutem</strong></span> <span class='ocrx_word' id='word_1_100' title='bbox 684 1325 863 1399; x_wconf 67' lang='lat' dir='ltr'><strong>perspicere!</strong></span> <span class='ocrx_word' id='word_1_101' title='bbox 906 1324 969 1380; x_wconf 88' lang='lat' dir='ltr'><strong>Res</strong></span> <span class='ocrx_word' id='word_1_102' title='bbox 983 1323 1179 1398; x_wconf 82' lang='lat' dir='ltr'><strong>disputatione</strong></span> 
     </span>
     <span class='ocr_line' id='line_1_13' title="bbox 149 1415 1179 1490; baseline -0.001 -18"><span class='ocrx_word' id='word_1_103' title='bbox 149 1415 185 1471; x_wconf 83' lang='lat' dir='ltr'><strong>cd</strong></span> <span class='ocrx_word' id='word_1_104' title='bbox 206 1416 331 1472; x_wconf 74' lang='lat' dir='ltr'><strong>mediam</strong></span> <span class='ocrx_word' id='word_1_105' title='bbox 352 1427 468 1472; x_wconf 89' lang='lat' dir='ltr'><strong>noctem</strong></span> <span class='ocrx_word' id='word_1_106' title='bbox 491 1415 678 1490; x_wconf 77' lang='lat' dir='ltr'><strong>perducitur:</strong></span> <span class='ocrx_word' id='word_1_107' title='bbox 703 1416 820 1472; x_wconf 80' lang='lat' dir='ltr'><strong>tandem</strong></span> <span class='ocrx_word' id='word_1_108' title='bbox 847 1415 896 1471; x_wconf 86' lang='lat' dir='ltr'><strong>dut</strong></span> <span class='ocrx_word' id='word_1_109' title='bbox 923 1415 1010 1472; x_wconf 85' lang='lat' dir='ltr'><strong>Cotta</strong></span> <span class='ocrx_word' id='word_1_110' title='bbox 1029 1425 1179 1489; x_wconf 85' lang='lat' dir='ltr'><strong>permotus</strong></span> 
     </span>
     <span class='ocr_line' id='line_1_14' title="bbox 144 1505 1179 1581; baseline 0 -19"><span class='ocrx_word' id='word_1_111' title='bbox 144 1523 268 1576; x_wconf 78' lang='lat' dir='ltr'><strong>menus3</strong></span> <span class='ocrx_word' id='word_1_112' title='bbox 295 1517 411 1581; x_wconf 86' lang='lat' dir='ltr'><strong>superat</strong></span> <span class='ocrx_word' id='word_1_113' title='bbox 432 1507 574 1562; x_wconf 82' lang='lat' dir='ltr'><strong>sententie</strong></span> <span class='ocrx_word' id='word_1_114' title='bbox 601 1506 711 1562; x_wconf 84' lang='lat' dir='ltr'><strong>Sebini.</strong></span> <span class='ocrx_word' id='word_1_115' title='bbox 753 1505 964 1562; x_wconf 83' lang='lat' dir='ltr'><strong>Pronuncintur</strong></span> <span class='ocrx_word' id='word_1_116' title='bbox 990 1506 1084 1580; x_wconf 72' lang='lat' dir='ltr'><strong>primii</strong></span> <span class='ocrx_word' id='word_1_117' title='bbox 1109 1505 1179 1562; x_wconf 90' lang='lat' dir='ltr'><strong>luce</strong></span> 
     </span>
     <span class='ocr_line' id='line_1_15' title="bbox 148 1595 1179 1672; baseline 0.001 -20"><span class='ocrx_word' id='word_1_118' title='bbox 148 1595 255 1654; x_wconf 85' lang='lat' dir='ltr'><strong>ituros:</strong></span> <span class='ocrx_word' id='word_1_119' title='bbox 278 1597 456 1654; x_wconf 87' lang='lat' dir='ltr'><strong>consumitur</strong></span> <span class='ocrx_word' id='word_1_120' title='bbox 471 1597 577 1672; x_wconf 87' lang='lat' dir='ltr'><strong>vigiliis</strong></span> <span class='ocrx_word' id='word_1_121' title='bbox 590 1596 700 1669; x_wconf 77' lang='lat' dir='ltr'><strong>reliqua</strong></span> <span class='ocrx_word' id='word_1_122' title='bbox 714 1615 779 1671; x_wconf 84' lang='lat' dir='ltr'><strong>pars</strong></span> <span class='ocrx_word' id='word_1_123' title='bbox 800 1597 904 1666; x_wconf 90' lang='lat' dir='ltr'><strong>noctis,</strong></span> <span class='ocrx_word' id='word_1_124' title='bbox 920 1615 1008 1670; x_wconf 90' lang='lat' dir='ltr'><strong>quum</strong></span> <span class='ocrx_word' id='word_1_125' title='bbox 1029 1615 1081 1652; x_wconf 86' lang='lat' dir='ltr'><strong>sue</strong></span> <span class='ocrx_word' id='word_1_126' title='bbox 1101 1597 1179 1670; x_wconf 90' lang='lat' dir='ltr'><strong>quis-</strong></span> 
     </span>
     <span class='ocr_line' id='line_1_16' title="bbox 149 1687 1179 1762; baseline 0.001 -19"><span class='ocrx_word' id='word_1_127' title='bbox 149 1703 205 1761; x_wconf 89' lang='lat' dir='ltr'><strong>que</strong></span> <span class='ocrx_word' id='word_1_128' title='bbox 223 1687 305 1745; x_wconf 90' lang='lat' dir='ltr'><strong>miles</strong></span> <span class='ocrx_word' id='word_1_129' title='bbox 326 1687 571 1762; x_wconf 75' lang='lat' dir='ltr'><strong>circumspiceret,</strong></span> <span class='ocrx_word' id='word_1_130' title='bbox 587 1687 655 1760; x_wconf 92' lang='lat' dir='ltr'><strong>quid</strong></span> <span class='ocrx_word' id='word_1_131' title='bbox 676 1705 776 1744; x_wconf 91' lang='lat' dir='ltr'><strong>secum</strong></span> <span class='ocrx_word' id='word_1_132' title='bbox 795 1698 909 1761; x_wconf 82' lang='lat' dir='ltr'><strong>portare</strong></span> <span class='ocrx_word' id='word_1_133' title='bbox 928 1698 1035 1762; x_wconf 88' lang='lat' dir='ltr'><strong>posset,</strong></span> <span class='ocrx_word' id='word_1_134' title='bbox 1050 1687 1120 1760; x_wconf 91' lang='lat' dir='ltr'><strong>quid</strong></span> <span class='ocrx_word' id='word_1_135' title='bbox 1141 1705 1179 1744; x_wconf 83' lang='lat' dir='ltr'><strong>ex</strong></span> 
     </span>
     <span class='ocr_line' id='line_1_17' title="bbox 149 1777 1180 1854; baseline -0.001 -20"><span class='ocrx_word' id='word_1_136' title='bbox 149 1777 338 1836; x_wconf 86' lang='lat' dir='ltr'><strong>instrumento</strong></span> <span class='ocrx_word' id='word_1_137' title='bbox 351 1779 536 1835; x_wconf 90' lang='lat' dir='ltr'><strong>hibernorum</strong></span> <span class='ocrx_word' id='word_1_138' title='bbox 551 1777 712 1851; x_wconf 87' lang='lat' dir='ltr'><strong>relinquere</strong></span> <span class='ocrx_word' id='word_1_139' title='bbox 733 1789 892 1852; x_wconf 86' lang='lat' dir='ltr'><strong>cogeretur.</strong></span> <span class='ocrx_word' id='word_1_140' title='bbox 934 1777 1042 1834; x_wconf 85' lang='lat' dir='ltr'><strong>Omnia</strong></span> <span class='ocrx_word' id='word_1_141' title='bbox 1061 1778 1180 1854; x_wconf 83' lang='lat' dir='ltr'><strong>excogi-</strong></span> 
     </span>
     <span class='ocr_line' id='line_1_18' title="bbox 145 1868 1178 1943; baseline 0 -19"><span class='ocrx_word' id='word_1_142' title='bbox 145 1877 255 1937; x_wconf 85' lang='lat' dir='ltr'><strong>tentur,</strong></span> <span class='ocrx_word' id='word_1_143' title='bbox 270 1887 358 1942; x_wconf 86' lang='lat' dir='ltr'><strong>quere</strong></span> <span class='ocrx_word' id='word_1_144' title='bbox 372 1887 427 1926; x_wconf 90' lang='lat' dir='ltr'><strong>nec</strong></span> <span class='ocrx_word' id='word_1_145' title='bbox 442 1869 503 1925; x_wconf 91' lang='lat' dir='ltr'><strong>sine</strong></span> <span class='ocrx_word' id='word_1_146' title='bbox 522 1868 652 1941; x_wconf 89' lang='lat' dir='ltr'><strong>periculo</strong></span> <span class='ocrx_word' id='word_1_147' title='bbox 671 1879 830 1938; x_wconf 80' lang='lat' dir='ltr'><strong>maneatur,</strong></span> <span class='ocrx_word' id='word_1_148' title='bbox 845 1879 874 1926; x_wconf 91' lang='lat' dir='ltr'><strong>et</strong></span> <span class='ocrx_word' id='word_1_149' title='bbox 893 1868 1032 1943; x_wconf 84' lang='lat' dir='ltr'><strong>languore</strong></span> <span class='ocrx_word' id='word_1_150' title='bbox 1052 1869 1178 1926; x_wconf 84' lang='lat' dir='ltr'><strong>rnilitum</strong></span> 
     </span>
     <span class='ocr_line' id='line_1_19' title="bbox 147 1957 1179 2034; baseline 0.004 -22"><span class='ocrx_word' id='word_1_151' title='bbox 147 1967 178 2013; x_wconf 89' lang='lat' dir='ltr'><strong>et</strong></span> <span class='ocrx_word' id='word_1_152' title='bbox 192 1958 297 2032; x_wconf 86' lang='lat' dir='ltr'><strong>vigiliis</strong></span> <span class='ocrx_word' id='word_1_153' title='bbox 308 1959 470 2032; x_wconf 87' lang='lat' dir='ltr'><strong>periculum</strong></span> <span class='ocrx_word' id='word_1_154' title='bbox 486 1967 631 2034; x_wconf 83' lang='lat' dir='ltr'><strong>augeatur.</strong></span> <span class='ocrx_word' id='word_1_155' title='bbox 673 1957 770 2014; x_wconf 72' lang='lat' dir='ltr'><strong>Primi</strong></span> <span class='ocrx_word' id='word_1_156' title='bbox 784 1958 850 2014; x_wconf 88' lang='lat' dir='ltr'><strong>luce</strong></span> <span class='ocrx_word' id='word_1_157' title='bbox 865 1959 908 2014; x_wconf 92' lang='lat' dir='ltr'><strong>sic</strong></span> <span class='ocrx_word' id='word_1_158' title='bbox 927 1977 964 2016; x_wconf 86' lang='lat' dir='ltr'><strong>ex</strong></span> <span class='ocrx_word' id='word_1_159' title='bbox 984 1959 1087 2015; x_wconf 85' lang='lat' dir='ltr'><strong>cestris</strong></span> <span class='ocrx_word' id='word_1_160' title='bbox 1100 1959 1179 2033; x_wconf 86' lang='lat' dir='ltr'><strong>prof·</strong></span> 
     </span>
     <span class='ocr_line' id='line_1_20' title="bbox 149 2045 1179 2122; baseline 0.003 -20"><span class='ocrx_word' id='word_1_161' title='bbox 149 2045 318 2118; x_wconf 89' lang='lat' dir='ltr'><strong>iciscuntur‚</strong></span> <span class='ocrx_word' id='word_1_162' title='bbox 339 2059 381 2117; x_wconf 89' lang='lat' dir='ltr'><strong>ut,</strong></span> <span class='ocrx_word' id='word_1_163' title='bbox 402 2049 506 2122; x_wconf 90' lang='lat' dir='ltr'><strong>quibus</strong></span> <span class='ocrx_word' id='word_1_164' title='bbox 525 2059 601 2106; x_wconf 88' lang='lat' dir='ltr'><strong>esset</strong></span> <span class='ocrx_word' id='word_1_165' title='bbox 621 2067 789 2122; x_wconf 81' lang='lat' dir='ltr'><strong>persuasum</strong></span> <span class='ocrx_word' id='word_1_166' title='bbox 813 2067 871 2104; x_wconf 89' lang='lat' dir='ltr'><strong>non</strong></span> <span class='ocrx_word' id='word_1_167' title='bbox 897 2049 933 2104; x_wconf 84' lang='lat' dir='ltr'><strong>eb</strong></span> <span class='ocrx_word' id='word_1_168' title='bbox 955 2049 1046 2120; x_wconf 91' lang='lat' dir='ltr'><strong>hoste,</strong></span> <span class='ocrx_word' id='word_1_169' title='bbox 1068 2049 1118 2105; x_wconf 90' lang='lat' dir='ltr'><strong>sed</strong></span> <span class='ocrx_word' id='word_1_170' title='bbox 1141 2050 1179 2105; x_wconf 87' lang='lat' dir='ltr'><strong>eb</strong></span> 
     </span>
     <span class='ocr_line' id='line_1_21' title="bbox 150 2135 1179 2215; baseline 0.006 -25"><span class='ocrx_word' id='word_1_171' title='bbox 150 2135 266 2194; x_wconf 89' lang='lat' dir='ltr'><strong>homine</strong></span> <span class='ocrx_word' id='word_1_172' title='bbox 294 2139 468 2194; x_wconf 84' lang='lat' dir='ltr'><strong>amicissimo</strong></span> <span class='ocrx_word' id='word_1_173' title='bbox 495 2139 665 2214; x_wconf 83' lang='lat' dir='ltr'><strong>Ambiorige</strong></span> <span class='ocrx_word' id='word_1_174' title='bbox 693 2139 845 2195; x_wconf 89' lang='lat' dir='ltr'><strong>consilium</strong></span> <span class='ocrx_word' id='word_1_175' title='bbox 873 2139 981 2210; x_wconf 85' lang='lat' dir='ltr'><strong>datum,</strong></span> <span class='ocrx_word' id='word_1_176' title='bbox 1009 2139 1179 2215; x_wconf 84' lang='lat' dir='ltr'><strong>longissimo</strong></span> 
     </span>
     <span class='ocr_line' id='line_1_22' title="bbox 138 2227 712 2302; baseline 0.007 -20"><span class='ocrx_word' id='word_1_177' title='bbox 138 2227 264 2301; x_wconf 77' lang='lat' dir='ltr'><strong>&#39;agmine</strong></span> <span class='ocrx_word' id='word_1_178' title='bbox 284 2227 472 2300; x_wconf 81' lang='lat' dir='ltr'><strong>maximisque</strong></span> <span class='ocrx_word' id='word_1_179' title='bbox 492 2229 712 2302; x_wconf 88' lang='lat' dir='ltr'><strong>impedimentis.</strong></span> 
     </span>
    </p>

    <p class='ocr_par' dir='ltr' id='par_1_4' title="bbox 148 2317 1179 3023">
     <span class='ocr_line' id='line_1_23' title="bbox 189 2317 1179 2393; baseline 0.003 -20"><span class='ocrx_word' id='word_1_180' title='bbox 189 2317 321 2374; x_wconf 91' lang='lat' dir='ltr'>XXXII.</span> <span class='ocrx_word' id='word_1_181' title='bbox 350 2317 391 2374; x_wconf 82' lang='lat' dir='ltr'><strong>At</strong></span> <span class='ocrx_word' id='word_1_182' title='bbox 414 2318 520 2388; x_wconf 88' lang='lat' dir='ltr'><strong>hostes,</strong></span> <span class='ocrx_word' id='word_1_183' title='bbox 549 2331 735 2393; x_wconf 84' lang='lat' dir='ltr'><strong>posteaquem</strong></span> <span class='ocrx_word' id='word_1_184' title='bbox 763 2338 798 2375; x_wconf 87' lang='lat' dir='ltr'><strong>ex</strong></span> <span class='ocrx_word' id='word_1_185' title='bbox 825 2330 967 2376; x_wconf 90' lang='lat' dir='ltr'><strong>nocturno</strong></span> <span class='ocrx_word' id='word_1_186' title='bbox 994 2319 1107 2377; x_wconf 82' lang='lat' dir='ltr'><strong>fremitu</strong></span> <span class='ocrx_word' id='word_1_187' title='bbox 1137 2321 1179 2376; x_wconf 91' lang='lat' dir='ltr'><strong>vi-</strong></span> 
     </span>
     <span class='ocr_line' id='line_1_24' title="bbox 149 2407 1179 2485; baseline 0.004 -23"><span class='ocrx_word' id='word_1_188' title='bbox 149 2407 283 2482; x_wconf 88' lang='lat' dir='ltr'><strong>giliisque</strong></span> <span class='ocrx_word' id='word_1_189' title='bbox 297 2407 333 2464; x_wconf 89' lang='lat' dir='ltr'><strong>de</strong></span> <span class='ocrx_word' id='word_1_190' title='bbox 346 2408 524 2482; x_wconf 84' lang='lat' dir='ltr'><strong>profectione</strong></span> <span class='ocrx_word' id='word_1_191' title='bbox 538 2427 638 2465; x_wconf 89' lang='lat' dir='ltr'><strong>eorum</strong></span> <span class='ocrx_word' id='word_1_192' title='bbox 652 2421 812 2479; x_wconf 86' lang='lat' dir='ltr'><strong>senserunt,</strong></span> <span class='ocrx_word' id='word_1_193' title='bbox 827 2411 976 2466; x_wconf 84' lang='lat' dir='ltr'><strong>collocatis</strong></span> <span class='ocrx_word' id='word_1_194' title='bbox 990 2411 1101 2466; x_wconf 88' lang='lat' dir='ltr'><strong>insidiis</strong></span> <span class='ocrx_word' id='word_1_195' title='bbox 1116 2411 1179 2485; x_wconf 94' lang='lat' dir='ltr'><strong>bip-</strong></span> 
     </span>
     <span class='ocr_line' id='line_1_25' title="bbox 150 2497 1177 2574; baseline 0.002 -20"><span class='ocrx_word' id='word_1_196' title='bbox 150 2497 233 2556; x_wconf 76' lang='lat' dir='ltr'><strong>autito</strong></span> <span class='ocrx_word' id='word_1_197' title='bbox 249 2500 278 2554; x_wconf 91' lang='lat' dir='ltr'><strong>in</strong></span> <span class='ocrx_word' id='word_1_198' title='bbox 293 2499 370 2556; x_wconf 91' lang='lat' dir='ltr'><strong>silvis</strong></span> <span class='ocrx_word' id='word_1_199' title='bbox 384 2504 544 2573; x_wconf 87' lang='lat' dir='ltr'><strong>opportuno</strong></span> <span class='ocrx_word' id='word_1_200' title='bbox 558 2510 643 2573; x_wconf 86' lang='lat' dir='ltr'><strong>etque</strong></span> <span class='ocrx_word' id='word_1_201' title='bbox 657 2500 772 2556; x_wconf 90' lang='lat' dir='ltr'><strong>occulto</strong></span> <span class='ocrx_word' id='word_1_202' title='bbox 785 2500 859 2570; x_wconf 89' lang='lat' dir='ltr'><strong>loco,</strong></span> <span class='ocrx_word' id='word_1_203' title='bbox 873 2519 889 2556; x_wconf 84' lang='lat' dir='ltr'><strong>e</strong></span> <span class='ocrx_word' id='word_1_204' title='bbox 902 2501 1027 2558; x_wconf 85' lang='lat' dir='ltr'><strong>millibus</strong></span> <span class='ocrx_word' id='word_1_205' title='bbox 1040 2516 1177 2574; x_wconf 81' lang='lat' dir='ltr'><strong>passuum</strong></span> 
     </span>
     <span class='ocr_line' id='line_1_26' title="bbox 149 2589 1177 2664; baseline 0.003 -20"><span class='ocrx_word' id='word_1_206' title='bbox 149 2589 264 2646; x_wconf 90' lang='lat' dir='ltr'><strong>circiter</strong></span> <span class='ocrx_word' id='word_1_207' title='bbox 279 2589 400 2660; x_wconf 90' lang='lat' dir='ltr'><strong>duobus,</strong></span> <span class='ocrx_word' id='word_1_208' title='bbox 416 2589 616 2646; x_wconf 87' lang='lat' dir='ltr'><strong>Romanorum</strong></span> <span class='ocrx_word' id='word_1_209' title='bbox 631 2591 781 2646; x_wconf 81' lang='lat' dir='ltr'><strong>adventum</strong></span> <span class='ocrx_word' id='word_1_210' title='bbox 797 2591 1015 2664; x_wconf 81' lang='lat' dir='ltr'><strong>exspectabant:</strong></span> <span class='ocrx_word' id='word_1_211' title='bbox 1038 2602 1076 2660; x_wconf 88' lang='lat' dir='ltr'><strong>et,</strong></span> <span class='ocrx_word' id='word_1_212' title='bbox 1087 2609 1177 2664; x_wconf 92' lang='lat' dir='ltr'><strong>quum</strong></span> 
     </span>
     <span class='ocr_line' id='line_1_27' title="bbox 149 2674 1177 2756; baseline 0.001 -20"><span class='ocrx_word' id='word_1_213' title='bbox 149 2674 180 2734; x_wconf 83' lang='lat' dir='ltr'><strong>sc</strong></span> <span class='ocrx_word' id='word_1_214' title='bbox 203 2681 292 2755; x_wconf 80' lang='lat' dir='ltr'><strong>major</strong></span> <span class='ocrx_word' id='word_1_215' title='bbox 316 2700 382 2754; x_wconf 87' lang='lat' dir='ltr'><strong>pers</strong></span> <span class='ocrx_word' id='word_1_216' title='bbox 407 2681 529 2756; x_wconf 81' lang='lat' dir='ltr'><strong>agminis</strong></span> <span class='ocrx_word' id='word_1_217' title='bbox 552 2679 581 2736; x_wconf 89' lang='lat' dir='ltr'><strong>in</strong></span> <span class='ocrx_word' id='word_1_218' title='bbox 605 2699 739 2755; x_wconf 80' lang='lat' dir='ltr'><strong>magnam</strong></span> <span class='ocrx_word' id='word_1_219' title='bbox 767 2682 925 2736; x_wconf 86' lang='lat' dir='ltr'><strong>convallem</strong></span> <span class='ocrx_word' id='word_1_220' title='bbox 948 2681 1117 2750; x_wconf 86' lang='lat' dir='ltr'><strong>demisisset,</strong></span> <span class='ocrx_word' id='word_1_221' title='bbox 1141 2699 1177 2738; x_wconf 83' lang='lat' dir='ltr'><strong>ex</strong></span> 
     </span>
     <span class='ocr_line' id='line_1_28' title="bbox 149 2769 1177 2845; baseline 0.005 -22"><span class='ocrx_word' id='word_1_222' title='bbox 149 2770 270 2840; x_wconf 74' lang='lat' dir='ltr'><strong>utrique</strong></span> <span class='ocrx_word' id='word_1_223' title='bbox 283 2781 363 2843; x_wconf 82' lang='lat' dir='ltr'><strong>perte</strong></span> <span class='ocrx_word' id='word_1_224' title='bbox 385 2771 446 2844; x_wconf 90' lang='lat' dir='ltr'><strong>ejus</strong></span> <span class='ocrx_word' id='word_1_225' title='bbox 466 2771 547 2826; x_wconf 84' lang='lat' dir='ltr'><strong>vallis</strong></span> <span class='ocrx_word' id='word_1_226' title='bbox 566 2769 660 2826; x_wconf 81' lang='lat' dir='ltr'><strong>subito</strong></span> <span class='ocrx_word' id='word_1_227' title='bbox 686 2789 716 2826; x_wconf 90' lang='lat' dir='ltr'><strong>se</strong></span> <span class='ocrx_word' id='word_1_228' title='bbox 740 2772 935 2841; x_wconf 87' lang='lat' dir='ltr'><strong>ostenderunt,</strong></span> <span class='ocrx_word' id='word_1_229' title='bbox 950 2772 1177 2845; x_wconf 87' lang='lat' dir='ltr'><strong>novissimosque</strong></span> 
     </span>
     <span class='ocr_line' id='line_1_29' title="bbox 148 2859 1177 2936; baseline 0.006 -24"><span class='ocrx_word' id='word_1_230' title='bbox 148 2875 287 2930; x_wconf 87' lang='lat' dir='ltr'><strong>premere,</strong></span> <span class='ocrx_word' id='word_1_231' title='bbox 301 2870 331 2915; x_wconf 84' lang='lat' dir='ltr'><strong>et</strong></span> <span class='ocrx_word' id='word_1_232' title='bbox 343 2861 450 2932; x_wconf 89' lang='lat' dir='ltr'><strong>primos</strong></span> <span class='ocrx_word' id='word_1_233' title='bbox 463 2861 615 2933; x_wconf 87' lang='lat' dir='ltr'><strong>prohibere</strong></span> <span class='ocrx_word' id='word_1_234' title='bbox 636 2859 787 2930; x_wconf 84' lang='lat' dir='ltr'><strong>adscensu,</strong></span> <span class='ocrx_word' id='word_1_235' title='bbox 803 2872 887 2934; x_wconf 81' lang='lat' dir='ltr'><strong>etque</strong></span> <span class='ocrx_word' id='word_1_236' title='bbox 908 2862 1088 2936; x_wconf 88' lang='lat' dir='ltr'><strong>iniquissimo</strong></span> <span class='ocrx_word' id='word_1_237' title='bbox 1111 2881 1177 2918; x_wconf 90' lang='lat' dir='ltr'><strong>nos·</strong></span> 
     </span>
     <span class='ocr_line' id='line_1_30' title="bbox 149 2937 786 3023; baseline 0.006 -21"><span class='ocrx_word' id='word_1_238' title='bbox 149 2947 200 3002; x_wconf 87' lang='lat' dir='ltr'><strong>tris</strong></span> <span class='ocrx_word' id='word_1_239' title='bbox 214 2947 278 3002; x_wconf 92' lang='lat' dir='ltr'><strong>loco</strong></span> <span class='ocrx_word' id='word_1_240' title='bbox 291 2937 423 3020; x_wconf 82' lang='lat' dir='ltr'><strong>proelium</strong></span> <span class='ocrx_word' id='word_1_241' title='bbox 438 2951 616 3006; x_wconf 87' lang='lat' dir='ltr'><strong>committere</strong></span> <span class='ocrx_word' id='word_1_242' title='bbox 631 2961 786 3023; x_wconf 87' lang='lat' dir='ltr'><strong>coeperunt.</strong></span> 
     </span>
    </p>

    <p class='ocr_par' dir='ltr' id='par_1_5' title="bbox 144 3035 1177 3386">
     <span class='ocr_line' id='line_1_31' title="bbox 189 3035 1174 3120; baseline 0.008 -30"><span class='ocrx_word' id='word_1_243' title='bbox 189 3035 557 3120; x_wconf 49' lang='lat' dir='ltr'><strong>XXXIIIr-Xumhmum</strong></span> <span class='ocrx_word' id='word_1_244' title='bbox 569 3039 711 3110; x_wconf 85' lang='lat' dir='ltr'><strong>Titurius,</strong></span> <span class='ocrx_word' id='word_1_245' title='bbox 723 3051 755 3097; x_wconf 91' lang='lat' dir='ltr'><strong>ut</strong></span> <span class='ocrx_word' id='word_1_246' title='bbox 767 3041 815 3114; x_wconf 91' lang='lat' dir='ltr'><strong>qui</strong></span> <span class='ocrx_word' id='word_1_247' title='bbox 827 3041 897 3097; x_wconf 92' lang='lat' dir='ltr'><strong>nihil</strong></span> <span class='ocrx_word' id='word_1_248' title='bbox 914 3041 979 3100; x_wconf 78' lang='lat' dir='ltr'><strong>ente</strong></span> <span class='ocrx_word' id='word_1_249' title='bbox 994 3041 1174 3116; x_wconf 89' lang='lat' dir='ltr'><strong>providisset,</strong></span> 
     </span>
     <span class='ocr_line' id='line_1_32' title="bbox 144 3119 1177 3206; baseline 0.003 -21"><span class='ocrx_word' id='word_1_250' title='bbox 144 3125 300 3198; x_wconf 78' lang='lat' dir='ltr'><strong>trepidare,</strong></span> <span class='ocrx_word' id='word_1_251' title='bbox 323 3119 495 3196; x_wconf 56' lang='lat' dir='ltr'><strong>euticetem&amp;</strong></span> <span class='ocrx_word' id='word_1_252' title='bbox 516 3130 706 3203; x_wconf 90' lang='lat' dir='ltr'><strong>cohortesque</strong></span> <span class='ocrx_word' id='word_1_253' title='bbox 727 3131 893 3204; x_wconf 88' lang='lat' dir='ltr'><strong>disponere;</strong></span> <span class='ocrx_word' id='word_1_254' title='bbox 916 3131 978 3188; x_wconf 84' lang='lat' dir='ltr'><strong>haec</strong></span> <span class='ocrx_word' id='word_1_255' title='bbox 999 3143 1094 3188; x_wconf 87' lang='lat' dir='ltr'><strong>tamen</strong></span> <span class='ocrx_word' id='word_1_256' title='bbox 1115 3133 1177 3206; x_wconf 89' lang='lat' dir='ltr'><strong>ipsu</strong></span> 
     </span>
     <span class='ocr_line' id='line_1_33' title="bbox 149 3205 1176 3296; baseline 0.006 -24"><span class='ocrx_word' id='word_1_257' title='bbox 149 3215 260 3284; x_wconf 77' lang='lat' dir='ltr'><strong>timide,</strong></span> <span class='ocrx_word' id='word_1_258' title='bbox 276 3227 360 3289; x_wconf 84' lang='lat' dir='ltr'><strong>etque</strong></span> <span class='ocrx_word' id='word_1_259' title='bbox 375 3205 484 3280; x_wconf 65' lang='lat' dir='ltr'><strong>uisum</strong></span> <span class='ocrx_word' id='word_1_260' title='bbox 499 3221 596 3276; x_wconf 85' lang='lat' dir='ltr'><strong>omnia</strong></span> <span class='ocrx_word' id='word_1_261' title='bbox 609 3220 732 3276; x_wconf 83' lang='lat' dir='ltr'><strong>deiicere</strong></span> <span class='ocrx_word' id='word_1_262' title='bbox 753 3221 934 3277; x_wconf 87' lang='lat' dir='ltr'><strong>viderentur:</strong></span> <span class='ocrx_word' id='word_1_263' title='bbox 956 3222 1031 3295; x_wconf 91' lang='lat' dir='ltr'><strong>qnod</strong></span> <span class='ocrx_word' id='word_1_264' title='bbox 1051 3220 1176 3296; x_wconf 81' lang='lat' dir='ltr'><strong>pienim·</strong></span> 
     </span>
     <span class='ocr_line' id='line_1_34' title="bbox 150 3303 1175 3386; baseline 0.011 -28"><span class='ocrx_word' id='word_1_265' title='bbox 150 3321 206 3376; x_wconf 89' lang='lat' dir='ltr'><strong>que</strong></span> <span class='ocrx_word' id='word_1_266' title='bbox 220 3303 255 3360; x_wconf 92' lang='lat' dir='ltr'><strong>iis</strong></span> <span class='ocrx_word' id='word_1_267' title='bbox 268 3306 401 3365; x_wconf 70' lang='lat' dir='ltr'><strong>accidere</strong></span> <span class='ocrx_word' id='word_1_268' title='bbox 416 3309 573 3379; x_wconf 88' lang='lat' dir='ltr'><strong>consuevit,</strong></span> <span class='ocrx_word' id='word_1_269' title='bbox 589 3311 637 3383; x_wconf 92' lang='lat' dir='ltr'><strong>qui</strong></span> <span class='ocrx_word' id='word_1_270' title='bbox 652 3312 681 3366; x_wconf 92' lang='lat' dir='ltr'><strong>in</strong></span> <span class='ocrx_word' id='word_1_271' title='bbox 696 3312 758 3385; x_wconf 90' lang='lat' dir='ltr'><strong>ipso</strong></span> <span class='ocrx_word' id='word_1_272' title='bbox 775 3313 892 3386; x_wconf 88' lang='lat' dir='ltr'><strong>negotio</strong></span> <span class='ocrx_word' id='word_1_273' title='bbox 905 3313 1057 3368; x_wconf 89' lang='lat' dir='ltr'><strong>consilium</strong></span> <span class='ocrx_word' id='word_1_274' title='bbox 1072 3331 1175 3386; x_wconf 83' lang='lat' dir='ltr'><strong>capere</strong></span> 
     </span>
    </p>
   </div>
   <div class='ocr_carea' id='block_1_3' title="bbox 150 3397 1264 3476">
    <p class='ocr_par' dir='ltr' id='par_1_6' title="bbox 150 3397 1264 3476">
     <span class='ocr_line' id='line_1_35' title="bbox 150 3397 1264 3476; baseline 0.01 -28"><span class='ocrx_word' id='word_1_275' title='bbox 150 3403 300 3467; x_wconf 89' lang='lat' dir='ltr'><strong>coguntur.</strong></span> <span class='ocrx_word' id='word_1_276' title='bbox 342 3397 383 3452; x_wconf 90' lang='lat' dir='ltr'><strong>At</strong></span> <span class='ocrx_word' id='word_1_277' title='bbox 404 3397 499 3468; x_wconf 83' lang='lat' dir='ltr'><strong>Cotto,</strong></span> <span class='ocrx_word' id='word_1_278' title='bbox 522 3400 572 3472; x_wconf 93' lang='lat' dir='ltr'><strong>qui</strong></span> <span class='ocrx_word' id='word_1_279' title='bbox 593 3401 748 3475; x_wconf 74' lang='lat' dir='ltr'><strong>cogitdsset</strong></span> <span class='ocrx_word' id='word_1_280' title='bbox 768 3401 830 3457; x_wconf 81' lang='lat' dir='ltr'><strong>haec</strong></span> <span class='ocrx_word' id='word_1_281' title='bbox 851 3421 934 3476; x_wconf 88' lang='lat' dir='ltr'><strong>posse</strong></span> <span class='ocrx_word' id='word_1_282' title='bbox 955 3403 985 3458; x_wconf 94' lang='lat' dir='ltr'><strong>in</strong></span> <span class='ocrx_word' id='word_1_283' title='bbox 1006 3403 1107 3459; x_wconf 91' lang='lat' dir='ltr'><strong>itinere</strong></span> <span class='ocrx_word' id='word_1_284' title='bbox 1129 3421 1176 3458; x_wconf 83' lang='lat' dir='ltr'><strong>ec·</strong></span> <span class='ocrx_word' id='word_1_285' title='bbox 1261 3437 1264 3442; x_wconf 93' lang='lat'>·</span> 
     </span>
    </p>
   </div>
   <div class='ocr_carea' id='block_1_4' title="bbox 148 3482 1175 3655">
    <p class='ocr_par' dir='ltr' id='par_1_7' title="bbox 148 3482 1175 3655">
     <span class='ocr_line' id='line_1_36' title="bbox 149 3482 1174 3563; baseline 0.011 -25"><span class='ocrx_word' id='word_1_286' title='bbox 149 3482 256 3552; x_wconf 86' lang='lat' dir='ltr'><strong>cidere,</strong></span> <span class='ocrx_word' id='word_1_287' title='bbox 283 3494 367 3556; x_wconf 85' lang='lat' dir='ltr'><strong>etque</strong></span> <span class='ocrx_word' id='word_1_288' title='bbox 391 3486 428 3542; x_wconf 94' lang='lat' dir='ltr'><strong>ob</strong></span> <span class='ocrx_word' id='word_1_289' title='bbox 449 3505 513 3542; x_wconf 84' lang='lat' dir='ltr'><strong>eam</strong></span> <span class='ocrx_word' id='word_1_290' title='bbox 538 3507 653 3544; x_wconf 84' lang='lat' dir='ltr'><strong>causam</strong></span> <span class='ocrx_word' id='word_1_291' title='bbox 672 3491 858 3563; x_wconf 86' lang='lat' dir='ltr'><strong>profectionis</strong></span> <span class='ocrx_word' id='word_1_292' title='bbox 873 3503 971 3548; x_wconf 87' lang='lat' dir='ltr'><strong>unctor</strong></span> <span class='ocrx_word' id='word_1_293' title='bbox 986 3511 1043 3547; x_wconf 92' lang='lat' dir='ltr'><strong>non</strong></span> <span class='ocrx_word' id='word_1_294' title='bbox 1064 3493 1174 3562; x_wconf 88' lang='lat' dir='ltr'><strong>fuisset,</strong></span> 
     </span>
     <span class='ocr_line' id='line_1_37' title="bbox 148 3573 1175 3655; baseline 0.01 -27"><span class='ocrx_word' id='word_1_295' title='bbox 148 3573 228 3628; x_wconf 67' lang='lat' dir='ltr'><strong>nulli</strong></span> <span class='ocrx_word' id='word_1_296' title='bbox 243 3573 272 3629; x_wconf 92' lang='lat' dir='ltr'><strong>in</strong></span> <span class='ocrx_word' id='word_1_297' title='bbox 287 3592 318 3630; x_wconf 92' lang='lat' dir='ltr'><strong>re</strong></span> <span class='ocrx_word' id='word_1_298' title='bbox 332 3577 478 3632; x_wconf 91' lang='lat' dir='ltr'><strong>communi</strong></span> <span class='ocrx_word' id='word_1_299' title='bbox 491 3577 575 3633; x_wconf 85' lang='lat' dir='ltr'><strong>sniuti</strong></span> <span class='ocrx_word' id='word_1_300' title='bbox 590 3577 705 3648; x_wconf 83' lang='lat' dir='ltr'><strong>deeret;</strong></span> <span class='ocrx_word' id='word_1_301' title='bbox 728 3592 757 3636; x_wconf 88' lang='lat' dir='ltr'><strong>et</strong></span> <span class='ocrx_word' id='word_1_302' title='bbox 778 3582 806 3636; x_wconf 90' lang='lat' dir='ltr'><strong>in</strong></span> <span class='ocrx_word' id='word_1_303' title='bbox 829 3582 1004 3655; x_wconf 86' lang='lat' dir='ltr'><strong>appellandis</strong></span> <span class='ocrx_word' id='word_1_304' title='bbox 1025 3583 1175 3639; x_wconf 85' lang='lat' dir='ltr'><strong>cohorten-</strong></span> 
     </span>
    </p>
   </div>
   <div class='ocr_carea' id='block_1_5' title="bbox 148 3663 1272 3746">
    <p class='ocr_par' dir='ltr' id='par_1_8' title="bbox 148 3663 1272 3746">
     <span class='ocr_line' id='line_1_38' title="bbox 148 3663 1272 3746; baseline 0.01 -28"><span class='ocrx_word' id='word_1_305' title='bbox 148 3663 249 3736; x_wconf 89' lang='lat' dir='ltr'><strong>disque</strong></span> <span class='ocrx_word' id='word_1_306' title='bbox 263 3664 402 3722; x_wconf 88' lang='lat' dir='ltr'><strong>militibus</strong></span> <span class='ocrx_word' id='word_1_307' title='bbox 425 3666 603 3740; x_wconf 83' lang='lat' dir='ltr'><strong>imperatoris</strong></span> <span class='ocrx_word' id='word_1_308' title='bbox 624 3678 653 3724; x_wconf 89' lang='lat' dir='ltr'><strong>et</strong></span> <span class='ocrx_word' id='word_1_309' title='bbox 673 3669 702 3724; x_wconf 92' lang='lat' dir='ltr'><strong>in</strong></span> <span class='ocrx_word' id='word_1_310' title='bbox 723 3671 819 3745; x_wconf 75' lang='lat' dir='ltr'><strong>pugnis</strong></span> <span class='ocrx_word' id='word_1_311' title='bbox 840 3673 939 3728; x_wconf 89' lang='lat' dir='ltr'><strong>militis</strong></span> <span class='ocrx_word' id='word_1_312' title='bbox 953 3673 1175 3746; x_wconf 83' lang='lat' dir='ltr'><strong>officiapraesta·</strong></span> <span class='ocrx_word' id='word_1_313' title='bbox 1263 3691 1272 3700; x_wconf 81' lang='grc'><em>“</em></span> 
     </span>
    </p>
   </div>
   <div class='ocr_carea' id='block_1_6' title="bbox 111 3751 1174 3927">
    <p class='ocr_par' dir='ltr' id='par_1_9' title="bbox 111 3751 1174 3927">
     <span class='ocr_line' id='line_1_39' title="bbox 148 3751 1174 3838; baseline 0.011 -30"><span class='ocrx_word' id='word_1_314' title='bbox 148 3751 204 3810; x_wconf 88' lang='lat' dir='ltr'><strong>but.</strong></span> <span class='ocrx_word' id='word_1_315' title='bbox 245 3754 404 3828; x_wconf 80' lang='lat' dir='ltr'><strong>Quumque</strong></span> <span class='ocrx_word' id='word_1_316' title='bbox 418 3768 532 3830; x_wconf 90' lang='lat' dir='ltr'><strong>propter</strong></span> <span class='ocrx_word' id='word_1_317' title='bbox 552 3757 761 3831; x_wconf 84' lang='lat' dir='ltr'><strong>longitudinem</strong></span> <span class='ocrx_word' id='word_1_318' title='bbox 777 3761 898 3833; x_wconf 82' lang='lat' dir='ltr'><strong>agminis</strong></span> <span class='ocrx_word' id='word_1_319' title='bbox 913 3761 1008 3818; x_wconf 76' lang='lat' dir='ltr'><strong>minus</strong></span> <span class='ocrx_word' id='word_1_320' title='bbox 1023 3761 1108 3818; x_wconf 77' lang='lat' dir='ltr'><strong>facile</strong></span> <span class='ocrx_word' id='word_1_321' title='bbox 1122 3781 1174 3838; x_wconf 90' lang='lat' dir='ltr'><strong>per</strong></span> 
     </span>
     <span class='ocr_line' id='line_1_40' title="bbox 111 3844 1173 3927; baseline 0.009 -29"><span class='ocrx_word' id='word_1_322' title='bbox 111 3867 113 3871; x_wconf 52' lang='lat'><strong><em>¹</em></strong></span> <span class='ocrx_word' id='word_1_323' title='bbox 148 3859 180 3898; x_wconf 86' lang='lat' dir='ltr'><strong>se</strong></span> <span class='ocrx_word' id='word_1_324' title='bbox 192 3844 289 3902; x_wconf 85' lang='lat' dir='ltr'><strong>omnis</strong></span> <span class='ocrx_word' id='word_1_325' title='bbox 302 3845 391 3916; x_wconf 90' lang='lat' dir='ltr'><strong>obire,</strong></span> <span class='ocrx_word' id='word_1_326' title='bbox 406 3847 517 3919; x_wconf 89' lang='lat' dir='ltr'><strong>etquid</strong></span> <span class='ocrx_word' id='word_1_327' title='bbox 532 3865 646 3920; x_wconf 90' lang='lat' dir='ltr'><strong>quoque</strong></span> <span class='ocrx_word' id='word_1_328' title='bbox 660 3849 725 3904; x_wconf 91' lang='lat' dir='ltr'><strong>loco</strong></span> <span class='ocrx_word' id='word_1_329' title='bbox 740 3849 903 3907; x_wconf 80' lang='lat' dir='ltr'><strong>faciendum</strong></span> <span class='ocrx_word' id='word_1_330' title='bbox 924 3864 1009 3923; x_wconf 88' lang='lat' dir='ltr'><strong>esset,</strong></span> <span class='ocrx_word' id='word_1_331' title='bbox 1024 3854 1173 3927; x_wconf 77' lang='lat' dir='ltr'><strong>providere</strong></span> 
     </span>
    </p>
   </div>
   <div class='ocr_carea' id='block_1_7' title="bbox 0 0 1288 4270">
    <p class='ocr_par' dir='ltr' id='par_1_10' title="bbox 0 0 1288 4270">
     <span class='ocr_line' id='line_1_41' title="bbox 0 0 1288 4270; baseline 0 0"><span class='ocrx_word' id='word_1_332' title='bbox 0 0 1288 4270; x_wconf 95' lang='lat' dir='ltr'><strong> </strong></span> 
     </span>
    </p>
   </div>
  </div>
 </body>
</html>
