2578 4270
127 268 166 324 40
453 263 502 312 DE
524 263 641 313 BELLO
664 263 824 313 GALLICO
959 263 1037 328 [Car.
1053 263 1160 312 23-23

128 407 224 464 hostes
244 407 439 483 redintegrato
457 407 559 481 proelio
587 406 616 462 iu
638 407 735 482 fugam
758 407 907 478 dederunt.
949 405 1023 463 Item
1049 407 1108 461 alib
1133 405 1166 461 in

128 510 208 573 parte
235 498 353 555 diversae
377 497 440 553 duae
462 498 600 573 legiones,
624 498 778 553 undecima
805 508 833 553 et
860 508 971 566 octava,
998 495 1166 572 profligatis

129 589 349 658 Veromanduis‚
364 589 535 662 quibuscum
551 599 632 644 erant
647 588 803 662 congressi,
819 606 854 643 ex
874 588 940 643 loco
960 588 1109 662 superiore
1132 587 1163 642 in

130 681 198 754 ipsis
212 680 338 736 fluminis
351 679 421 754 ripis
434 679 647 754 proeliabantur.
689 679 730 734 At
750 689 811 734 tum
832 679 899 734 totis
915 677 974 734 ferd
991 698 1007 734 a
1021 678 1117 734 fronte
1133 689 1163 734 et

130 773 165 827 ab
179 772 293 828 sinistri
313 781 394 846 parte
416 770 531 826 nudatis
555 769 664 838 castris,
680 788 767 842 quum
792 769 822 825 in
845 769 945 826 dextro
967 787 1056 825 cornu
1080 769 1164 844 legio

129 862 300 918 duodecima
313 872 341 918 et
355 881 413 916 nou
427 880 532 936 magno
547 861 582 916 ab
603 860 637 916 eti
658 860 807 915 intervallo
826 860 946 934 septima
970 861 1161 929 constitisset,

128 971 228 1008 omnes
241 951 342 1008 Nervii
357 951 567 1008 confertissimo
582 951 705 1026 agmine,
717 950 793 1006 duce
805 950 1003 1026 Boduognato,
1017 951 1067 1024 qui
1082 969 1163 1005 sum·

128 1061 204 1099 marn
225 1043 337 1116 imperii
360 1043 486 1112 tenebat,
512 1041 635 1097 adeum
660 1041 756 1096 locum
781 1041 1010 1097 contenderunt:
1033 1060 1160 1114 quorum

128 1153 193 1208 pars
208 1145 305 1208 aperto
318 1133 406 1189 latere
420 1133 548 1208 legiones
566 1131 785 1201 circumvenire,
799 1150 865 1206 pars
885 1150 1028 1188 summum
1050 1143 1162 1188 castro-

128 1243 191 1280 rum
207 1225 302 1280 locum
316 1234 413 1297 petere
427 1223 521 1296 coepit.

168 1313 282 1370 XXIV.
311 1314 421 1369 Eodem
445 1325 572 1388 tempore
600 1313 710 1386 equites
732 1313 822 1369 nostri
849 1313 976 1387 levisque
1005 1324 1159 1369 armaturas

129 1405 249 1479 pedites,
264 1405 312 1478 qui
327 1423 394 1460 cum
415 1403 450 1460 iis
471 1403 530 1459 una
550 1404 671 1473 fuerant,
687 1423 757 1477 quos
780 1406 874 1478 primo
896 1393 1021 1460 hostium
1046 1405 1159 1479 impetu

128 1496 225 1572 pulsos
239 1495 376 1565 dixeram,
392 1513 479 1569 quum
494 1513 525 1550 se
539 1494 569 1550 in
584 1505 677 1550 castra
690 1495 861 1569 reciperent,
878 1495 1003 1551 adversis
1025 1496 1159 1552 hostibus

129 1588 329 1657 occurrebant,
355 1605 388 1642 ac
409 1605 507 1642 rursus
532 1586 616 1640 aliam
639 1587 668 1641 in
692 1597 801 1660 partem
825 1587 922 1661 fugam
943 1587 1097 1660 petebant:
1130 1598 1157 1643 et

129 1678 254 1748 calones,
270 1678 318 1752 qul
334 1678 369 1733 ab
382 1677 542 1733 decumani
556 1677 638 1750 portal
659 1695 692 1732 ac
712 1697 824 1732 summo
846 1677 915 1752 jugo
940 1678 1022 1732 collis
1043 1689 1158 1734 nostros

128 1769 251 1826 victores
265 1769 370 1824 flumen
385 1769 521 1824 transisse
535 1779 751 1841 conspexerant,
766 1769 912 1841 praedandi
934 1769 1021 1823 causti
1036 1770 1157 1844 egressi,

129 1879 216 1933 quum
232 1860 429 1933 respexissent,
444 1870 473 1914 et
487 1859 582 1914 hostes
597 1859 625 1913 in
640 1859 743 1914 nostris
758 1859 859 1914 castris
880 1859 984 1914 versari
1006 1859 1155 1929 vidissent,

128 1949 289 2024 praecipites
304 1950 377 2024 sugae
398 1967 460 2004 sese
480 1949 662 2004 mandabant.
705 1949 797 2005 Simul
819 1968 928 2018 eorum,
944 1950 993 2022 qui
1015 1969 1081 2012 cum
1104 1952 1157 2006 im-

128 2039 300 2114 pedimentis
326 2039 486 2109 veniebant,
516 2040 623 2094 clamor
652 2039 837 2112 fremitusque
865 2041 1019 2110 oriebatur,
1050 2041 1156 2114 aliique

130 2129 214 2186 aliam
229 2130 258 2186 in
273 2141 380 2204 partem
399 2130 540 2203 perterriti
563 2130 735 2185 serebantur.
776 2130 894 2189 Quibus
914 2131 1047 2186 omnibus
1069 2133 1155 2187 rebus

128 2220 248 2294 permoti
264 2221 374 2294 equites
387 2219 511 2289 Treviri,
527 2239 646 2293 quorum
663 2221 735 2275 inter
756 2221 854 2276 Gallos
875 2222 985 2276 virtutis
1000 2223 1097 2295 opinio
1111 2235 1155 2278 est

128 2311 290 2386 singularis,
306 2311 354 2384 qui
370 2310 466 2366 auxilii
482 2311 570 2366 causa
586 2311 620 2365 ab
642 2311 757 2366 civitate
778 2312 856 2367 missi
879 2313 913 2367 ad
929 2312 1074 2370 Caesarem
1088 2332 1155 2368 ven-

38 2405 50 2422 ⁰
128 2415 218 2470 erant,
244 2421 331 2476 quum
357 2401 539 2457 multitudine
564 2401 687 2456 hostium
712 2413 806 2458 castra
827 2413 923 2458 nostra
947 2404 1094 2477 compleri,
1115 2403 1154 2460 le·

127 2493 228 2570 giones
251 2492 341 2568 premi
366 2503 394 2549 et
417 2490 491 2566 pene
517 2491 727 2547 circumventas
751 2492 852 2562 teneri,
880 2492 1006 2561 calones,
1032 2493 1152 2566 equites,

129 2584 295 2654 funditores,
320 2583 472 2654 NumidaS,
500 2583 627 2638 diversos
652 2582 859 2656 dissipatosque
883 2582 1036 2639 iu·cmnes
1059 2595 1153 2658 partes

81 2717 84 2727 s
128 2675 226 2749 fugere
241 2675 386 2745 vidissent,
399 2674 554 2750 desperatis
569 2673 673 2728 nostris
687 2673 782 2741 rebus
794 2673 909 2728 domum
924 2675 1151 2732 contenderunt:

130 2764 277 2820 Romanos
298 2766 393 2838 pulsos
413 2775 627 2838 superatosque,
643 2763 744 2818 castris
766 2763 1033 2838 impedimentisque
1054 2784 1152 2822 eorum

128 2854 223 2910 hostes
238 2855 350 2926 potitos,
366 2855 473 2909 civitati
489 2855 737 2909 renunciaverunt.

169 2943 266 3000 XXV.
295 2943 401 3012 Caesar,
419 2944 453 2998 ab
467 2944 585 2999 decimae
604 2942 725 3017 legionis
747 2942 943 2999 cohortatione
966 2944 1001 2999 ad
1023 2945 1152 3001 dextrum

122 3054 218 3112 cornu
234 3034 386 3108 profectus,
403 3034 451 3088 ubi
466 3054 532 3090 suos
548 3034 651 3109 urgeri,
667 3033 814 3108 signisque
829 3035 858 3088 iu
880 3053 968 3089 unum
987 3036 1082 3090 locum
1099 3037 1154 3092 col·

129 3125 193 3182 latis
208 3124 384 3179 duodecimae
399 3125 520 3198 legionis
536 3125 679 3180 confertos
700 3124 803 3180 milites
818 3123 873 3180 sibi
888 3124 963 3198 ipsos
979 3126 1013 3180 ad
1027 3146 1151 3201 pugnam

129 3233 191 3272 esse
207 3214 423 3288 impedimento;
446 3227 552 3287 quartae
567 3215 692 3270 cohortis
713 3215 846 3270 omnibus
868 3216 1085 3271 centurionibus
1106 3237 1152 3272 oa·
1182 3227 1185 3233 “

130 3306 207 3374 cisis,
229 3303 421 3380 signiferoque
443 3306 602 3374 interfecto,
618 3305 701 3380 siguo
727 3306 839 3374 amisso,
855 3305 1029 3378 reliquarum
1055 3308 1153 3362 cohor-

129 3396 201 3452 tium
216 3395 347 3450 omnibus
362 3393 421 3450 ferd
444 3395 659 3450 centurionibus
682 3405 730 3450 aut
751 3395 906 3450 vulneratis
926 3405 973 3450 aut
995 3396 1109 3467 occisiS,
1125 3398 1151 3454 in

129 3487 174 3542 his
197 3485 356 3560 primopilo,
373 3485 403 3541 P.
426 3486 524 3540 Sextio
547 3486 665 3554 Baculo,
681 3485 835 3541 fortissimo
859 3486 929 3554 viro,
944 3486 1041 3542 multis
1065 3488 1152 3561 gravi·

130 3578 239 3650 busque
264 3575 427 3630 vulneribus
450 3576 591 3643 consect0,
618 3587 648 3630 ut
670 3576 729 3649 jarn
753 3595 783 3632 se
808 3575 948 3632 sustinere
970 3595 1027 3631 uon
1048 3589 1150 3650 posset,

129 3668 253 3739 reliquos
281 3685 342 3722 esse
369 3666 520 3734 tardiores3
553 3676 581 3720 et
605 3665 756 3721 nonnullos
781 3667 815 3721 ab
841 3665 1002 3721 novissimis
1027 3666 1151 3724 desertos
1232 3706 1234 3710 -

129 3757 230 3831 proelio
244 3757 381 3812 excedere
397 3775 430 3811 ac
444 3756 501 3811 tela
521 3756 623 3823 vitare3
647 3755 741 3811 hostes
762 3774 856 3829 neque
879 3774 895 3811 a
916 3755 1008 3810 fronte
1029 3773 1065 3810 ex
1085 3756 1151 3814 insc-

105 3911 107 3920 ,
132 3845 206 3902 tiore
219 3846 284 3902 loco
297 3848 451 3903 subeuntes
466 3845 663 3914 intermittere,
678 3855 707 3901 et
728 3846 763 3901 ab
783 3855 904 3918 utroque
923 3845 1012 3902 latere
1031 3844 1149 3914 instare;
