2566 4270
143 319 208 368 cn.
226 315 341 377 ‹rr-ca]
495 313 603 368 tinne
624 315 817 369 seramus..
1118 325 1175 386 m

141 470 285 534 tetrisque,
300 456 445 530 equitibus
464 455 608 516 Romanis
629 458 903 532 administrantibus,
918 479 989 535 quos
1009 461 1037 520 ei
1053 465 1175 541 negotio

141 551 320 626 prefecerat,
349 542 480 607 celeriter
514 550 724 606 transmittitur.
751 546 831 610 [Uno
864 550 923 608 fere
959 563 1087 628 tempore
1120 557 1175 614 sub

141 643 237 699 lucem
259 640 389 698 hostibus
412 639 577 710 nunciatur,
598 640 750 698 incastris
771 641 970 700 Romanorum
990 657 1092 718 praeter
1106 665 1175 702 con·

141 733 324 790 suetudinem
344 730 524 801 tumultuari,
538 741 567 788 et
581 751 718 807 magnum
733 732 775 789 ire
790 752 893 809 agmen
911 735 1029 792 adverso
1043 735 1172 808 flumine,

140 825 323 896 sonitumque
342 840 487 878 remorum
507 821 537 878 in
558 822 661 879 eidem
680 833 761 897 parte
780 825 920 895 exaudiri,
942 835 971 882 et
990 825 1076 900 paulo
1098 827 1174 884 infrtl

140 915 246 972 milites
270 913 389 970 navibus
411 912 605 986 transportari.
646 913 765 972 Quibus
785 916 871 972 rebus
895 916 1009 986 auditis,
1031 915 1108 991 qudd
1126 925 1173 974 exss

142 1005 305 1062 istimabant
325 1003 416 1062 tribus
436 1003 509 1059 locis
529 1003 650 1060 transire
670 1004 808 1080 legiones,
831 1015 916 1080 atque
936 1025 1045 1077 omnes,
1064 1020 1174 1082 pertur-

141 1097 223 1152 batos
246 1094 408 1151 defectione
430 1093 602 1164 AEduorum,
617 1094 715 1170 fugam
728 1114 839 1170 parare,
859 1115 925 1154 suas
947 1096 1062 1171 quilque
1075 1098 1175 1172 copias

141 1187 170 1244 iu
200 1197 258 1243 tres
287 1195 382 1260 partes
416 1184 630 1242 distribuerunt.
671 1184 760 1256 Nam,
791 1197 820 1243 et
849 1187 984 1262 presidio
1010 1205 1027 1244 e
1054 1188 1174 1264 regione

141 1288 300 1334 castrorum
324 1275 436 1346 relicto,
461 1285 490 1332 et
512 1276 599 1350 parvi
623 1295 712 1334 menn
735 1275 929 1338 Metiosedum
953 1297 1051 1336 versus
1073 1278 1172 1349 missi,

139 1387 203 1442 quae
227 1365 339 1424 tanturn
359 1367 587 1442 progrederetur,
612 1365 751 1441 quantum
775 1387 863 1426 naves
884 1370 1100 1444 processissent,
1118 1368 1173 1426 rel·

140 1459 222 1533 iquas
236 1459 333 1533 copias
347 1469 447 1516 contra
461 1457 621 1516 Labienum
635 1459 788 1517 duxerunt.

180 1549 276 1607 LXII.
303 1549 401 1606 Primt
429 1549 495 1606 luce
525 1559 554 1607 et
580 1551 671 1608 nostri
699 1569 800 1609 omnes
826 1562 908 1609 erant
936 1553 1114 1628 tansportati,
1142 1561 1173 1611 et

140 1641 265 1698 hostiurn
293 1641 371 1697 acies
398 1641 578 1697 cernebatur.
620 1641 776 1712 Labienus,
801 1643 907 1700 milites
931 1644 1106 1714 cohortatus,
1121 1651 1172 1701 ‘ut

138 1751 198 1788 sure
221 1731 347 1807 pristinae
371 1731 483 1788 virtutis
507 1741 536 1787 et
559 1740 602 1788 tot
623 1733 896 1788 secundissimorum
920 1734 1086 1806 proeliorum
1113 1751 1173 1790 rne-

138 1823 259 1880 mcriem
282 1823 448 1892 retinerent,
474 1833 559 1895 atquc
584 1821 678 1896 ipsum
700 1822 855 1892 Caesarem,
870 1824 954 1898 cujus
975 1823 1065 1879 ductu
1085 1841 1172 1898 saepe·

139 1932 260 1972 numero
274 1914 369 1970 hostes
387 1913 580 1986 superassent,
594 1923 765 1986 praesentem
780 1913 878 1969 adesse
893 1913 1106 1984 existimarent,'
1122 1913 1172 1972 dat

139 2003 254 2080 signum
273 2004 374 2078 proclii.
415 2004 513 2060 Primo
533 2022 677 2060 concursu
699 2004 734 2060 ab
749 2003 849 2060 dextro
863 2023 964 2074 cornu,
979 2004 1029 2060 ubi
1049 2005 1171 2080 septima

139 2095 216 2170 legio
230 2096 405 2166 constiterat,
420 2085 515 2152 hostes
528 2095 682 2169 pelluntur,
700 2105 784 2170 atque
798 2095 828 2150 in
844 2095 941 2172 fugam
956 2096 1169 2171 conjiciuntur:

141 2187 176 2242 ab
199 2186 324 2253 sinistro,
340 2205 425 2259 quem
448 2187 545 2243 locum
559 2187 732 2243 duodecima
745 2186 822 2264 legio
835 2187 960 2258 tenebat,
976 2207 1064 2262 quum
1084 2187 1170 2262 primi

139 2276 254 2332 ordines
268 2277 390 2333 hostium
405 2277 531 2333 transfixi
545 2277 611 2351 pilis
625 2277 830 2347 concidissent,
845 2289 941 2336 tamen
962 2277 1102 2335 acerrime
1115 2277 1171 2336 rel·

139 2367 199 2440 iqui
213 2368 392 2436 resistebant,
407 2386 463 2423 neo
481 2367 568 2423 dabat
588 2368 782 2441 suspicionem
803 2368 878 2443 fugae
902 2368 1062 2441 qnisquam.
1094 2366 1171 2442 *Ipse

138 2457 197 2514 dux
217 2458 341 2513 hostium
362 2457 577 2531 Camulogenus
597 2458 657 2512 suis
673 2457 780 2526 aderet,
796 2469 880 2530 atque
894 2477 943 2514 eos
958 2457 1168 2514 cohortabatur.

137 2548 190 2616 At,
215 2547 326 2602 incerto
349 2546 436 2602 etiarn
460 2563 544 2602 nuno·
559 2546 637 2600 exitu
651 2545 788 2616 victoria,
803 2566 892 2619 quum
906 2547 1034 2620 septimae
1048 2546 1172 2620 legionis

136 2635 263 2695 tribunis
276 2645 351 2690 esset
364 2634 544 2704 nunciatum,
559 2653 621 2707 quar
636 2634 666 2690 in
681 2634 796 2691 sinistro
809 2654 900 2691 cornu
915 2645 1092 2711 gererentur,
1106 2647 1172 2710 post

137 2740 252 2804 tergum
284 2724 408 2782 hostium
437 2724 581 2800 legionem
606 2724 803 2795 ostenderunt,
830 2725 970 2801 signaque
1002 2725 1168 2784 intulerunt

138 2819 186 2877 Ne
207 2816 373 2891 ecquidem
389 2815 680 2890 temporequisquam
701 2815 766 2872 loco
790 2817 885 2887 cessit,
905 2816 958 2872 sed
982 2816 1170 2876 circumuenti

137 2928 238 2966 omnes
252 2907 452 2981 interfectique
463 2917 537 2965 sunt.
572 2907 703 2964 Eandem
714 2907 856 2964 fortunam
868 2908 933 2965 tulit
944 2908 1167 2984 Camulogenus

138 3001 180 3057 At
200 3001 230 3070 ii,
246 3000 294 3074 qui
315 2999 448 3074 praesidio
464 3009 565 3056 contra
581 3009 676 3080 castra
697 2998 819 3055 Labieni
847 3010 929 3056 erant
955 2999 1059 3070 relicti,
1081 3019 1170 3074 quum

137 3091 269 3166 proelium
294 3090 477 3147 commissum
494 3081 648 3159 audissent,
668 3089 797 3146 subsidio
817 3088 994 3161 saisierunt,
1009 3091 1170 3166 collemque

138 3193 286 3256 ceperunt,
301 3200 394 3255 neque
408 3192 569 3238 nostrorum
581 3180 705 3236 militum
719 3179 861 3236 victorum
875 3179 1014 3256 impetum
1028 3181 1170 3242 sustinere
1234 3177 1236 3182 ¹

138 3283 299 3348 potuerunt.
342 3273 403 3342 Sic,
417 3291 485 3328 cum
498 3271 558 3328 suis
572 3270 749 3346 fugientibus
771 3271 913 3345 permixti,
929 3291 1000 3346 quos
1017 3291 1076 3329 nort
1091 3273 1169 3330 rilvae

139 3374 307 3438 montesque
319 3372 461 3431 texerunt,
477 3362 512 3418 ab
531 3361 660 3434 equitatu
683 3371 749 3418 sunt
771 3361 922 3419 interfecti.
964 3362 1032 3419 Hoc
1052 3363 1171 3440 negotio

139 3453 281 3524 consecto,
309 3453 455 3510 Labienus
481 3452 631 3508 revertitur
661 3450 855 3527 Agandicum,
885 3453 934 3510 ubi
965 3453 1170 3528 impedimenta

138 3545 226 3604 totius
245 3544 388 3602 exercitiis
408 3543 509 3600 relicta
529 3552 618 3599 erant.
659 3540 732 3600 Inde
760 3560 827 3602 cum
853 3545 988 3602 omnibus
1014 3543 1105 3618 copiis
1133 3540 1193 3598 ad·

139 3628 284 3694 Cursarem
297 3634 434 3710 pervenit.

178 3726 289 3783 LXIII.
318 3724 490 3781 Defectione
504 3723 664 3780 AEduorum
679 3723 806 3800 cogniti,
820 3723 928 3782 bellurn
945 3731 1073 3796 augetur.
1115 3717 1170 3776 Le·

138 3817 270 3895 gationes
297 3815 326 3871 in
354 3832 453 3870 ornnes
479 3813 880 3888 partesjcircummittuntur:
902 3821 1040 3886 quantum
1064 3808 1168 3884 grutid,

138 3906 318 3974 anctoritate,
338 3902 463 3980 pecunil
483 3904 592 3974 ualent,
604 3903 639 3960 nd
657 3901 857 3962 sollicitnudas
878 3899 1011 3960 civitates
1027 3899 1167 3962 nituntur·
