<?xml version="1.0" encoding="UTF-8"?>
<!DOCTYPE html PUBLIC "-//W3C//DTD XHTML 1.0 Transitional//EN"
    "http://www.w3.org/TR/xhtml1/DTD/xhtml1-transitional.dtd">
<html xmlns="http://www.w3.org/1999/xhtml" xml:lang="en" lang="en">
 <head>
  <title>
</title>
<meta http-equiv="Content-Type" content="text/html;charset=utf-8" />
  <meta name='ocr-system' content='tesseract 3.04.00' />
  <meta name='ocr-capabilities' content='ocr_page ocr_carea ocr_par ocr_line ocrx_word'/>
</head>
<body>
  <div class='ocr_page' id='page_1' title='image "./cjuliuscaesarsc00caesgoog_0087.png"; bbox 0 0 2578 4270; ppageno 0'>
   <div class='ocr_carea' id='block_1_1' title="bbox 74 286 1172 362">
    <p class='ocr_par' dir='ltr' id='par_1_1' title="bbox 74 286 1172 362">
     <span class='ocr_line' id='line_1_1' title="bbox 74 286 1172 362; baseline 0.005 -27"><span class='ocrx_word' id='word_1_1' title='bbox 74 355 78 362; x_wconf 24' lang='lat'>⁸</span> <span class='ocrx_word' id='word_1_2' title='bbox 125 286 212 336; x_wconf 66' lang='lat' dir='ltr'>CAP-</span> <span class='ocrx_word' id='word_1_3' title='bbox 228 289 324 350; x_wconf 72' lang='grc'>8-10]</span> <span class='ocrx_word' id='word_1_4' title='bbox 507 287 614 338; x_wconf 79' lang='lat' dir='ltr'>LIBER</span> <span class='ocrx_word' id='word_1_5' title='bbox 637 288 803 347; x_wconf 78' lang='lat' dir='ltr'><strong>QUINTUS.</strong></span> <span class='ocrx_word' id='word_1_6' title='bbox 1133 289 1172 346; x_wconf 80' lang='lat'>75</span> 
     </span>
    </p>
   </div>
   <div class='ocr_carea' id='block_1_2' title="bbox 73 427 1231 3950">
    <p class='ocr_par' dir='ltr' id='par_1_2' title="bbox 125 427 1171 1772">
     <span class='ocr_line' id='line_1_2' title="bbox 125 427 1171 504; baseline 0 -19"><span class='ocrx_word' id='word_1_7' title='bbox 125 428 247 486; x_wconf 87' lang='lat' dir='ltr'>tinenti</span> <span class='ocrx_word' id='word_1_8' title='bbox 267 430 456 504; x_wconf 73' lang='lat' dir='ltr'>relinquebat,</span> <span class='ocrx_word' id='word_1_9' title='bbox 481 431 550 486; x_wconf 88' lang='lat' dir='ltr'>solis</span> <span class='ocrx_word' id='word_1_10' title='bbox 573 449 680 486; x_wconf 89' lang='lat' dir='ltr'>occasu</span> <span class='ocrx_word' id='word_1_11' title='bbox 700 449 786 486; x_wconf 85' lang='lat' dir='ltr'>naves</span> <span class='ocrx_word' id='word_1_12' title='bbox 808 430 889 486; x_wconf 89' lang='lat' dir='ltr'>solvit</span> <span class='ocrx_word' id='word_1_13' title='bbox 901 450 908 498; x_wconf 94' lang='lat'>;</span> <span class='ocrx_word' id='word_1_14' title='bbox 940 439 968 485; x_wconf 91' lang='lat' dir='ltr'>et</span> <span class='ocrx_word' id='word_1_15' title='bbox 989 427 1048 484; x_wconf 89' lang='lat' dir='ltr'>leni</span> <span class='ocrx_word' id='word_1_16' title='bbox 1069 428 1171 485; x_wconf 84' lang='lat' dir='ltr'>Africo</span> 
     </span>
     <span class='ocr_line' id='line_1_3' title="bbox 125 521 1169 596; baseline 0.001 -22"><span class='ocrx_word' id='word_1_17' title='bbox 125 532 306 596; x_wconf 77' lang='lat' dir='ltr'>provectuS,</span> <span class='ocrx_word' id='word_1_18' title='bbox 321 521 415 576; x_wconf 70' lang='lat' dir='ltr'>media</span> <span class='ocrx_word' id='word_1_19' title='bbox 437 523 551 576; x_wconf 81' lang='lat' dir='ltr'>circiter</span> <span class='ocrx_word' id='word_1_20' title='bbox 576 533 662 576; x_wconf 90' lang='lat' dir='ltr'>nocte</span> <span class='ocrx_word' id='word_1_21' title='bbox 684 533 769 576; x_wconf 87' lang='lat' dir='ltr'>vento</span> <span class='ocrx_word' id='word_1_22' title='bbox 789 522 959 590; x_wconf 83' lang='lat' dir='ltr'>intermisse,</span> <span class='ocrx_word' id='word_1_23' title='bbox 975 538 1090 575; x_wconf 90' lang='lat' dir='ltr'>cursum</span> <span class='ocrx_word' id='word_1_24' title='bbox 1112 539 1169 575; x_wconf 90' lang='lat' dir='ltr'>non</span> 
     </span>
     <span class='ocr_line' id='line_1_4' title="bbox 126 611 1170 686; baseline 0.001 -22"><span class='ocrx_word' id='word_1_25' title='bbox 126 612 246 680; x_wconf 88' lang='lat' dir='ltr'>tenuit,</span> <span class='ocrx_word' id='word_1_26' title='bbox 262 623 291 667; x_wconf 89' lang='lat' dir='ltr'>et</span> <span class='ocrx_word' id='word_1_27' title='bbox 310 611 424 686; x_wconf 75' lang='lat' dir='ltr'>longius</span> <span class='ocrx_word' id='word_1_28' title='bbox 446 613 556 667; x_wconf 91' lang='lat' dir='ltr'>delatus</span> <span class='ocrx_word' id='word_1_29' title='bbox 579 623 659 681; x_wconf 74' lang='lat' dir='ltr'>aestu,</span> <span class='ocrx_word' id='word_1_30' title='bbox 674 614 736 667; x_wconf 81' lang='lat' dir='ltr'>ortai</span> <span class='ocrx_word' id='word_1_31' title='bbox 758 613 833 680; x_wconf 90' lang='lat' dir='ltr'>luce,</span> <span class='ocrx_word' id='word_1_32' title='bbox 849 612 901 666; x_wconf 91' lang='lat' dir='ltr'>sub</span> <span class='ocrx_word' id='word_1_33' title='bbox 924 612 1037 666; x_wconf 74' lang='lat' dir='ltr'>sinistra</span> <span class='ocrx_word' id='word_1_34' title='bbox 1059 611 1170 665; x_wconf 82' lang='lat' dir='ltr'>Britan-</span> 
     </span>
     <span class='ocr_line' id='line_1_5' title="bbox 128 701 1168 776; baseline 0.001 -21"><span class='ocrx_word' id='word_1_35' title='bbox 128 701 222 756; x_wconf 85' lang='lat' dir='ltr'>niam</span> <span class='ocrx_word' id='word_1_36' title='bbox 237 703 366 757; x_wconf 91' lang='lat' dir='ltr'>relictam</span> <span class='ocrx_word' id='word_1_37' title='bbox 387 704 543 776; x_wconf 77' lang='lat' dir='ltr'>conspexit.</span> <span class='ocrx_word' id='word_1_38' title='bbox 585 702 663 757; x_wconf 90' lang='lat' dir='ltr'>Tum</span> <span class='ocrx_word' id='word_1_39' title='bbox 688 722 794 771; x_wconf 89' lang='lat' dir='ltr'>rursus,</span> <span class='ocrx_word' id='word_1_40' title='bbox 811 713 895 758; x_wconf 76' lang='lat' dir='ltr'>aestus</span> <span class='ocrx_word' id='word_1_41' title='bbox 916 702 1168 756; x_wconf 86' lang='lat' dir='ltr'>commutationem</span> 
     </span>
     <span class='ocr_line' id='line_1_6' title="bbox 128 792 1169 866; baseline 0 -20"><span class='ocrx_word' id='word_1_42' title='bbox 128 804 269 861; x_wconf 85' lang='lat' dir='ltr'>secutus,</span> <span class='ocrx_word' id='word_1_43' title='bbox 285 792 371 848; x_wconf 89' lang='lat' dir='ltr'>remis</span> <span class='ocrx_word' id='word_1_44' title='bbox 386 794 543 861; x_wconf 87' lang='lat' dir='ltr'>contendit,</span> <span class='ocrx_word' id='word_1_45' title='bbox 560 805 590 847; x_wconf 88' lang='lat' dir='ltr'>ut</span> <span class='ocrx_word' id='word_1_46' title='bbox 604 811 666 848; x_wconf 88' lang='lat' dir='ltr'>eam</span> <span class='ocrx_word' id='word_1_47' title='bbox 680 807 789 866; x_wconf 86' lang='lat' dir='ltr'>partem</span> <span class='ocrx_word' id='word_1_48' title='bbox 804 793 903 848; x_wconf 76' lang='lat' dir='ltr'>insule</span> <span class='ocrx_word' id='word_1_49' title='bbox 916 804 1040 866; x_wconf 84' lang='lat' dir='ltr'>caperet,</span> <span class='ocrx_word' id='word_1_50' title='bbox 1052 793 1107 865; x_wconf 80' lang='lat' dir='ltr'>qud</span> <span class='ocrx_word' id='word_1_51' title='bbox 1121 811 1169 864; x_wconf 89' lang='lat' dir='ltr'>op-</span> 
     </span>
     <span class='ocr_line' id='line_1_7' title="bbox 128 883 1168 958; baseline -0.001 -20"><span class='ocrx_word' id='word_1_52' title='bbox 128 883 248 938; x_wconf 91' lang='lat' dir='ltr'>timum</span> <span class='ocrx_word' id='word_1_53' title='bbox 274 901 337 938; x_wconf 87' lang='lat' dir='ltr'>esse</span> <span class='ocrx_word' id='word_1_54' title='bbox 365 901 509 958; x_wconf 90' lang='lat' dir='ltr'>egressum</span> <span class='ocrx_word' id='word_1_55' title='bbox 537 885 681 956; x_wconf 87' lang='lat' dir='ltr'>superiore</span> <span class='ocrx_word' id='word_1_56' title='bbox 704 895 800 939; x_wconf 60' lang='lat' dir='ltr'>aestate</span> <span class='ocrx_word' id='word_1_57' title='bbox 825 894 1004 957; x_wconf 86' lang='lat' dir='ltr'>cognoverat.</span> <span class='ocrx_word' id='word_1_58' title='bbox 1045 883 1116 942; x_wconf 76' lang='lat' dir='ltr'>Qua</span> <span class='ocrx_word' id='word_1_59' title='bbox 1139 883 1168 937; x_wconf 94' lang='lat' dir='ltr'>in</span> 
     </span>
     <span class='ocr_line' id='line_1_8' title="bbox 129 973 1169 1046; baseline -0.001 -18"><span class='ocrx_word' id='word_1_60' title='bbox 129 991 168 1028; x_wconf 87' lang='lat' dir='ltr'>re</span> <span class='ocrx_word' id='word_1_61' title='bbox 188 973 343 1028; x_wconf 87' lang='lat' dir='ltr'>admodum</span> <span class='ocrx_word' id='word_1_62' title='bbox 358 973 412 1030; x_wconf 89' lang='lat' dir='ltr'>fuit</span> <span class='ocrx_word' id='word_1_63' title='bbox 430 974 553 1028; x_wconf 93' lang='lat' dir='ltr'>militum</span> <span class='ocrx_word' id='word_1_64' title='bbox 575 974 663 1028; x_wconf 91' lang='lat' dir='ltr'>virtus</span> <span class='ocrx_word' id='word_1_65' title='bbox 684 973 836 1042; x_wconf 90' lang='lat' dir='ltr'>laudanda,</span> <span class='ocrx_word' id='word_1_66' title='bbox 852 973 900 1046; x_wconf 91' lang='lat' dir='ltr'>qui</span> <span class='ocrx_word' id='word_1_67' title='bbox 925 973 1057 1028; x_wconf 89' lang='lat' dir='ltr'>vectoriis</span> <span class='ocrx_word' id='word_1_68' title='bbox 1079 973 1169 1046; x_wconf 90' lang='lat' dir='ltr'>gravi-</span> 
     </span>
     <span class='ocr_line' id='line_1_9' title="bbox 129 1063 1168 1138; baseline -0.003 -19"><span class='ocrx_word' id='word_1_69' title='bbox 129 1063 254 1136; x_wconf 84' lang='lat' dir='ltr'>busque</span> <span class='ocrx_word' id='word_1_70' title='bbox 278 1063 409 1138; x_wconf 87' lang='lat' dir='ltr'>navigiis,</span> <span class='ocrx_word' id='word_1_71' title='bbox 432 1083 490 1120; x_wconf 90' lang='lat' dir='ltr'>non</span> <span class='ocrx_word' id='word_1_72' title='bbox 515 1064 677 1120; x_wconf 90' lang='lat' dir='ltr'>intermisso</span> <span class='ocrx_word' id='word_1_73' title='bbox 701 1063 861 1138; x_wconf 91' lang='lat' dir='ltr'>remigandi</span> <span class='ocrx_word' id='word_1_74' title='bbox 885 1063 991 1131; x_wconf 89' lang='lat' dir='ltr'>labore,</span> <span class='ocrx_word' id='word_1_75' title='bbox 1019 1063 1168 1137; x_wconf 91' lang='lat' dir='ltr'>longarum</span> 
     </span>
     <span class='ocr_line' id='line_1_10' title="bbox 129 1153 1168 1228; baseline -0.002 -18"><span class='ocrx_word' id='word_1_76' title='bbox 129 1155 260 1210; x_wconf 89' lang='lat' dir='ltr'>navium</span> <span class='ocrx_word' id='word_1_77' title='bbox 287 1172 403 1210; x_wconf 88' lang='lat' dir='ltr'>cursum</span> <span class='ocrx_word' id='word_1_78' title='bbox 427 1155 621 1228; x_wconf 73' lang='lat' dir='ltr'>adaequarunt.</span> <span class='ocrx_word' id='word_1_79' title='bbox 670 1154 830 1210; x_wconf 85' lang='lat' dir='ltr'>Accessum</span> <span class='ocrx_word' id='word_1_80' title='bbox 858 1165 900 1209; x_wconf 90' lang='lat' dir='ltr'>est</span> <span class='ocrx_word' id='word_1_81' title='bbox 928 1153 961 1209; x_wconf 87' lang='lat' dir='ltr'>ad</span> <span class='ocrx_word' id='word_1_82' title='bbox 991 1153 1168 1208; x_wconf 85' lang='lat' dir='ltr'>Britanniam</span> 
     </span>
     <span class='ocr_line' id='line_1_11' title="bbox 131 1244 1168 1318; baseline -0.003 -17"><span class='ocrx_word' id='word_1_83' title='bbox 131 1245 278 1301; x_wconf 89' lang='lat' dir='ltr'>omnibus</span> <span class='ocrx_word' id='word_1_84' title='bbox 301 1245 421 1300; x_wconf 86' lang='lat' dir='ltr'>navibus</span> <span class='ocrx_word' id='word_1_85' title='bbox 444 1245 604 1301; x_wconf 90' lang='lat' dir='ltr'>meridiano</span> <span class='ocrx_word' id='word_1_86' title='bbox 629 1245 686 1300; x_wconf 80' lang='lat' dir='ltr'>sere</span> <span class='ocrx_word' id='word_1_87' title='bbox 710 1255 852 1318; x_wconf 88' lang='lat' dir='ltr'>tempore:</span> <span class='ocrx_word' id='word_1_88' title='bbox 876 1263 969 1317; x_wconf 90' lang='lat' dir='ltr'>neque</span> <span class='ocrx_word' id='word_1_89' title='bbox 994 1244 1023 1300; x_wconf 89' lang='lat' dir='ltr'>in</span> <span class='ocrx_word' id='word_1_90' title='bbox 1046 1263 1080 1299; x_wconf 93' lang='lat' dir='ltr'>eo</span> <span class='ocrx_word' id='word_1_91' title='bbox 1104 1244 1168 1299; x_wconf 90' lang='lat' dir='ltr'>loco</span> 
     </span>
     <span class='ocr_line' id='line_1_12' title="bbox 131 1335 1167 1410; baseline -0.002 -18"><span class='ocrx_word' id='word_1_92' title='bbox 131 1336 233 1392; x_wconf 87' lang='lat' dir='ltr'>hostis</span> <span class='ocrx_word' id='word_1_93' title='bbox 247 1346 290 1392; x_wconf 89' lang='lat' dir='ltr'>est</span> <span class='ocrx_word' id='word_1_94' title='bbox 304 1335 390 1405; x_wconf 89' lang='lat' dir='ltr'>visus,</span> <span class='ocrx_word' id='word_1_95' title='bbox 402 1336 461 1405; x_wconf 88' lang='lat' dir='ltr'>sed,</span> <span class='ocrx_word' id='word_1_96' title='bbox 473 1346 504 1392; x_wconf 94' lang='lat' dir='ltr'>ut</span> <span class='ocrx_word' id='word_1_97' title='bbox 514 1346 612 1410; x_wconf 90' lang='lat' dir='ltr'>postea</span> <span class='ocrx_word' id='word_1_98' title='bbox 627 1336 723 1391; x_wconf 84' lang='lat' dir='ltr'>Caesar</span> <span class='ocrx_word' id='word_1_99' title='bbox 739 1354 773 1390; x_wconf 89' lang='lat' dir='ltr'>ex</span> <span class='ocrx_word' id='word_1_100' title='bbox 787 1335 905 1409; x_wconf 84' lang='lat' dir='ltr'>captivis</span> <span class='ocrx_word' id='word_1_101' title='bbox 920 1335 1067 1409; x_wconf 90' lang='lat' dir='ltr'>comperit,</span> <span class='ocrx_word' id='word_1_102' title='bbox 1079 1353 1167 1408; x_wconf 90' lang='lat' dir='ltr'>quum</span> 
     </span>
     <span class='ocr_line' id='line_1_13' title="bbox 132 1425 1166 1502; baseline -0.004 -20"><span class='ocrx_word' id='word_1_103' title='bbox 132 1447 255 1502; x_wconf 88' lang='lat' dir='ltr'>magnae</span> <span class='ocrx_word' id='word_1_104' title='bbox 269 1425 420 1483; x_wconf 79' lang='lat' dir='ltr'>manusco</span> <span class='ocrx_word' id='word_1_105' title='bbox 436 1427 645 1496; x_wconf 90' lang='lat' dir='ltr'>convenissent,</span> <span class='ocrx_word' id='word_1_106' title='bbox 662 1426 844 1482; x_wconf 90' lang='lat' dir='ltr'>multitudine</span> <span class='ocrx_word' id='word_1_107' title='bbox 865 1426 978 1481; x_wconf 85' lang='lat' dir='ltr'>navium</span> <span class='ocrx_word' id='word_1_108' title='bbox 1000 1426 1166 1499; x_wconf 71' lang='lat' dir='ltr'>perterritae,</span> 
     </span>
     <span class='ocr_line' id='line_1_14' title="bbox 126 1515 1166 1594; baseline -0.004 -21"><span class='ocrx_word' id='word_1_109' title='bbox 126 1516 222 1594; x_wconf 82' lang='lat' dir='ltr'>¹(quae</span> <span class='ocrx_word' id='word_1_110' title='bbox 247 1537 314 1573; x_wconf 93' lang='lat' dir='ltr'>cum</span> <span class='ocrx_word' id='word_1_111' title='bbox 339 1517 482 1574; x_wconf 86' lang='lat' dir='ltr'>annotinis</span> <span class='ocrx_word' id='word_1_112' title='bbox 503 1518 685 1591; x_wconf 86' lang='lat' dir='ltr'>privatisque,</span> <span class='ocrx_word' id='word_1_113' title='bbox 708 1537 778 1590; x_wconf 90' lang='lat' dir='ltr'>quas</span> <span class='ocrx_word' id='word_1_114' title='bbox 805 1517 848 1571; x_wconf 89' lang='lat' dir='ltr'>sui</span> <span class='ocrx_word' id='word_1_115' title='bbox 876 1517 995 1589; x_wconf 87' lang='lat' dir='ltr'>quisque</span> <span class='ocrx_word' id='word_1_116' title='bbox 1023 1515 1166 1572; x_wconf 91' lang='lat' dir='ltr'>commodi</span> 
     </span>
     <span class='ocr_line' id='line_1_15' title="bbox 135 1600 1167 1684; baseline -0.004 -19"><span class='ocrx_word' id='word_1_117' title='bbox 135 1609 261 1677; x_wconf 83' lang='lat' dir='ltr'>fecerat,</span> <span class='ocrx_word' id='word_1_118' title='bbox 277 1606 398 1682; x_wconf 75' lang='lat' dir='ltr'>amplius</span> <span class='ocrx_word' id='word_1_119' title='bbox 419 1607 526 1664; x_wconf 86' lang='lat' dir='ltr'>DCCC</span> <span class='ocrx_word' id='word_1_120' title='bbox 549 1627 607 1662; x_wconf 94' lang='lat' dir='ltr'>uno</span> <span class='ocrx_word' id='word_1_121' title='bbox 627 1619 708 1663; x_wconf 90' lang='lat' dir='ltr'>erant</span> <span class='ocrx_word' id='word_1_122' title='bbox 729 1607 794 1662; x_wconf 79' lang='lat' dir='ltr'>vism</span> <span class='ocrx_word' id='word_1_123' title='bbox 816 1600 968 1684; x_wconf 67' lang='lat' dir='ltr'>tempore)</span> <span class='ocrx_word' id='word_1_124' title='bbox 986 1608 1097 1662; x_wconf 87' lang='lat' dir='ltr'>alitore</span> <span class='ocrx_word' id='word_1_125' title='bbox 1112 1607 1167 1661; x_wconf 89' lang='lat' dir='ltr'>dis·</span> 
     </span>
     <span class='ocr_line' id='line_1_16' title="bbox 135 1698 865 1772; baseline -0.004 -18"><span class='ocrx_word' id='word_1_126' title='bbox 135 1709 298 1767; x_wconf 87' lang='lat' dir='ltr'>cesserant,</span> <span class='ocrx_word' id='word_1_127' title='bbox 315 1717 348 1754; x_wconf 86' lang='lat' dir='ltr'>ac</span> <span class='ocrx_word' id='word_1_128' title='bbox 363 1716 393 1753; x_wconf 90' lang='lat' dir='ltr'>se</span> <span class='ocrx_word' id='word_1_129' title='bbox 408 1698 437 1754; x_wconf 91' lang='lat' dir='ltr'>in</span> <span class='ocrx_word' id='word_1_130' title='bbox 452 1698 597 1772; x_wconf 88' lang='lat' dir='ltr'>superiora</span> <span class='ocrx_word' id='word_1_131' title='bbox 611 1699 675 1753; x_wconf 87' lang='lat' dir='ltr'>loca</span> <span class='ocrx_word' id='word_1_132' title='bbox 690 1698 865 1752; x_wconf 86' lang='lat' dir='ltr'>abdiderant.</span> 
     </span>
    </p>

    <p class='ocr_par' dir='ltr' id='par_1_3' title="bbox 73 1788 1231 3581">
     <span class='ocr_line' id='line_1_17' title="bbox 183 1788 1166 1862; baseline -0.002 -19"><span class='ocrx_word' id='word_1_133' title='bbox 183 1788 237 1844; x_wconf 89' lang='lat' dir='ltr'>IX.</span> <span class='ocrx_word' id='word_1_134' title='bbox 267 1789 374 1858; x_wconf 81' lang='lat' dir='ltr'>Cacsar,</span> <span class='ocrx_word' id='word_1_135' title='bbox 390 1789 518 1862; x_wconf 88' lang='lat' dir='ltr'>exposito</span> <span class='ocrx_word' id='word_1_136' title='bbox 538 1789 676 1857; x_wconf 90' lang='lat' dir='ltr'>exercitu,</span> <span class='ocrx_word' id='word_1_137' title='bbox 692 1798 719 1843; x_wconf 88' lang='lat' dir='ltr'>et</span> <span class='ocrx_word' id='word_1_138' title='bbox 740 1788 804 1842; x_wconf 86' lang='lat' dir='ltr'>loco</span> <span class='ocrx_word' id='word_1_139' title='bbox 827 1788 926 1842; x_wconf 88' lang='lat' dir='ltr'>castris</span> <span class='ocrx_word' id='word_1_140' title='bbox 948 1788 1051 1842; x_wconf 86' lang='lat' dir='ltr'>idoneo</span> <span class='ocrx_word' id='word_1_141' title='bbox 1073 1799 1166 1860; x_wconf 83' lang='lat' dir='ltr'>capto,</span> 
     </span>
     <span class='ocr_line' id='line_1_18' title="bbox 136 1878 1231 1954; baseline -0.001 -20"><span class='ocrx_word' id='word_1_142' title='bbox 136 1879 193 1935; x_wconf 91' lang='lat' dir='ltr'>ubi</span> <span class='ocrx_word' id='word_1_143' title='bbox 210 1898 244 1935; x_wconf 92' lang='lat' dir='ltr'>ex</span> <span class='ocrx_word' id='word_1_144' title='bbox 259 1879 379 1953; x_wconf 90' lang='lat' dir='ltr'>captivis</span> <span class='ocrx_word' id='word_1_145' title='bbox 393 1879 536 1954; x_wconf 89' lang='lat' dir='ltr'>cognovit,</span> <span class='ocrx_word' id='word_1_146' title='bbox 552 1898 609 1952; x_wconf 89' lang='lat' dir='ltr'>quo</span> <span class='ocrx_word' id='word_1_147' title='bbox 630 1879 658 1934; x_wconf 93' lang='lat' dir='ltr'>in</span> <span class='ocrx_word' id='word_1_148' title='bbox 681 1879 746 1934; x_wconf 91' lang='lat' dir='ltr'>loco</span> <span class='ocrx_word' id='word_1_149' title='bbox 768 1878 889 1932; x_wconf 86' lang='lat' dir='ltr'>hostium</span> <span class='ocrx_word' id='word_1_150' title='bbox 912 1879 1000 1952; x_wconf 72' lang='lat' dir='ltr'>copiae</span> <span class='ocrx_word' id='word_1_151' title='bbox 1024 1878 1167 1933; x_wconf 87' lang='lat' dir='ltr'>consedis-</span> <span class='ocrx_word' id='word_1_152' title='bbox 1226 1921 1231 1924; x_wconf 84' lang='lat'>-</span> 
     </span>
     <span class='ocr_line' id='line_1_19' title="bbox 134 1955 1167 2042; baseline -0.002 -16"><span class='ocrx_word' id='word_1_153' title='bbox 134 1981 216 2039; x_wconf 87' lang='lat' dir='ltr'>sent,</span> <span class='ocrx_word' id='word_1_154' title='bbox 232 1970 396 2026; x_wconf 90' lang='lat' dir='ltr'>cohortibus</span> <span class='ocrx_word' id='word_1_155' title='bbox 410 1969 440 2025; x_wconf 89' lang='lat' dir='ltr'><strong>X</strong></span> <span class='ocrx_word' id='word_1_156' title='bbox 455 1970 490 2025; x_wconf 89' lang='lat' dir='ltr'>ad</span> <span class='ocrx_word' id='word_1_157' title='bbox 504 1989 581 2026; x_wconf 89' lang='lat' dir='ltr'>mare</span> <span class='ocrx_word' id='word_1_158' title='bbox 596 1955 713 2038; x_wconf 90' lang='lat' dir='ltr'>relictis,</span> <span class='ocrx_word' id='word_1_159' title='bbox 729 1980 756 2025; x_wconf 93' lang='lat' dir='ltr'>et</span> <span class='ocrx_word' id='word_1_160' title='bbox 771 1968 915 2041; x_wconf 89' lang='lat' dir='ltr'>equitibus</span> <span class='ocrx_word' id='word_1_161' title='bbox 930 1969 1019 2036; x_wconf 89' lang='lat' dir='ltr'>CCC,</span> <span class='ocrx_word' id='word_1_162' title='bbox 1034 1969 1082 2042; x_wconf 91' lang='lat' dir='ltr'>qui</span> <span class='ocrx_word' id='word_1_163' title='bbox 1098 1989 1167 2042; x_wconf 81' lang='lat' dir='ltr'>prae-</span> 
     </span>
     <span class='ocr_line' id='line_1_20' title="bbox 136 2060 1166 2136; baseline 0 -20"><span class='ocrx_word' id='word_1_164' title='bbox 136 2061 218 2117; x_wconf 87' lang='lat' dir='ltr'>sidio</span> <span class='ocrx_word' id='word_1_165' title='bbox 240 2061 359 2116; x_wconf 86' lang='lat' dir='ltr'>navibus</span> <span class='ocrx_word' id='word_1_166' title='bbox 381 2072 484 2131; x_wconf 88' lang='lat' dir='ltr'>essent,</span> <span class='ocrx_word' id='word_1_167' title='bbox 500 2061 535 2117; x_wconf 92' lang='lat' dir='ltr'>de</span> <span class='ocrx_word' id='word_1_168' title='bbox 556 2061 640 2136; x_wconf 66' lang='lat' dir='ltr'>tertiat</span> <span class='ocrx_word' id='word_1_169' title='bbox 663 2061 760 2136; x_wconf 73' lang='lat' dir='ltr'>vigilia</span> <span class='ocrx_word' id='word_1_170' title='bbox 784 2060 818 2114; x_wconf 91' lang='lat' dir='ltr'>ad</span> <span class='ocrx_word' id='word_1_171' title='bbox 843 2061 937 2116; x_wconf 82' lang='lat' dir='ltr'>hostes</span> <span class='ocrx_word' id='word_1_172' title='bbox 958 2061 1114 2128; x_wconf 84' lang='lat' dir='ltr'>contendit,</span> <span class='ocrx_word' id='word_1_173' title='bbox 1131 2079 1166 2116; x_wconf 91' lang='lat' dir='ltr'>eo</span> 
     </span>
     <span class='ocr_line' id='line_1_21' title="bbox 136 2150 1166 2228; baseline -0.001 -20"><span class='ocrx_word' id='word_1_174' title='bbox 136 2150 241 2208; x_wconf 85' lang='lat' dir='ltr'>minds</span> <span class='ocrx_word' id='word_1_175' title='bbox 253 2153 358 2208; x_wconf 89' lang='lat' dir='ltr'>veritus</span> <span class='ocrx_word' id='word_1_176' title='bbox 372 2151 500 2221; x_wconf 90' lang='lat' dir='ltr'>navibus,</span> <span class='ocrx_word' id='word_1_177' title='bbox 516 2151 591 2225; x_wconf 77' lang='lat' dir='ltr'>quod</span> <span class='ocrx_word' id='word_1_178' title='bbox 607 2151 636 2208; x_wconf 92' lang='lat' dir='ltr'>in</span> <span class='ocrx_word' id='word_1_179' title='bbox 651 2151 733 2208; x_wconf 90' lang='lat' dir='ltr'>litore</span> <span class='ocrx_word' id='word_1_180' title='bbox 748 2151 825 2208; x_wconf 93' lang='lat' dir='ltr'>molli</span> <span class='ocrx_word' id='word_1_181' title='bbox 842 2163 925 2225; x_wconf 88' lang='lat' dir='ltr'>atque</span> <span class='ocrx_word' id='word_1_182' title='bbox 942 2165 1038 2226; x_wconf 90' lang='lat' dir='ltr'>aperto</span> <span class='ocrx_word' id='word_1_183' title='bbox 1059 2152 1166 2228; x_wconf 87' lang='lat' dir='ltr'>deliga·</span> 
     </span>
     <span class='ocr_line' id='line_1_22' title="bbox 137 2242 1165 2317; baseline -0.002 -18"><span class='ocrx_word' id='word_1_184' title='bbox 137 2253 186 2299; x_wconf 87' lang='lat' dir='ltr'>tas</span> <span class='ocrx_word' id='word_1_185' title='bbox 211 2243 245 2298; x_wconf 93' lang='lat' dir='ltr'>ad</span> <span class='ocrx_word' id='word_1_186' title='bbox 270 2261 404 2298; x_wconf 89' lang='lat' dir='ltr'>ancoram</span> <span class='ocrx_word' id='word_1_187' title='bbox 427 2243 614 2316; x_wconf 87' lang='lat' dir='ltr'>relinquebat,</span> <span class='ocrx_word' id='word_1_188' title='bbox 636 2254 665 2299; x_wconf 90' lang='lat' dir='ltr'>et</span> <span class='ocrx_word' id='word_1_189' title='bbox 684 2243 817 2317; x_wconf 85' lang='lat' dir='ltr'>praesidio</span> <span class='ocrx_word' id='word_1_190' title='bbox 841 2244 960 2299; x_wconf 86' lang='lat' dir='ltr'>naribus</span> <span class='ocrx_word' id='word_1_191' title='bbox 983 2242 1023 2302; x_wconf 78' lang='lat' dir='ltr'>Q.</span> <span class='ocrx_word' id='word_1_192' title='bbox 1049 2243 1165 2298; x_wconf 84' lang='lat' dir='ltr'>Atrium</span> 
     </span>
     <span class='ocr_line' id='line_1_23' title="bbox 138 2333 1164 2408; baseline 0 -20"><span class='ocrx_word' id='word_1_193' title='bbox 138 2334 278 2408; x_wconf 82' lang='lat' dir='ltr'>praesecit.</span> <span class='ocrx_word' id='word_1_194' title='bbox 320 2333 395 2408; x_wconf 91' lang='lat' dir='ltr'>Ipse,</span> <span class='ocrx_word' id='word_1_195' title='bbox 410 2346 497 2390; x_wconf 90' lang='lat' dir='ltr'>noctu</span> <span class='ocrx_word' id='word_1_196' title='bbox 512 2353 678 2408; x_wconf 90' lang='lat' dir='ltr'>progressus</span> <span class='ocrx_word' id='word_1_197' title='bbox 693 2335 782 2389; x_wconf 90' lang='lat' dir='ltr'>millia</span> <span class='ocrx_word' id='word_1_198' title='bbox 801 2353 935 2408; x_wconf 87' lang='lat' dir='ltr'>passuum</span> <span class='ocrx_word' id='word_1_199' title='bbox 957 2335 1071 2388; x_wconf 86' lang='lat' dir='ltr'>circiter</span> <span class='ocrx_word' id='word_1_200' title='bbox 1095 2333 1164 2402; x_wconf 89' lang='lat' dir='ltr'>Xll,</span> 
     </span>
     <span class='ocr_line' id='line_1_24' title="bbox 140 2423 1165 2498; baseline -0.003 -17"><span class='ocrx_word' id='word_1_201' title='bbox 140 2424 267 2481; x_wconf 90' lang='lat' dir='ltr'>hostium</span> <span class='ocrx_word' id='word_1_202' title='bbox 281 2424 378 2498; x_wconf 89' lang='lat' dir='ltr'>copias</span> <span class='ocrx_word' id='word_1_203' title='bbox 393 2425 574 2498; x_wconf 85' lang='lat' dir='ltr'>conspicatus</span> <span class='ocrx_word' id='word_1_204' title='bbox 589 2434 639 2479; x_wconf 89' lang='lat' dir='ltr'>est.</span> <span class='ocrx_word' id='word_1_205' title='bbox 681 2423 737 2492; x_wconf 91' lang='lat' dir='ltr'>Illi,</span> <span class='ocrx_word' id='word_1_206' title='bbox 753 2425 880 2496; x_wconf 89' lang='lat' dir='ltr'>equitatu</span> <span class='ocrx_word' id='word_1_207' title='bbox 903 2436 986 2496; x_wconf 87' lang='lat' dir='ltr'>atque</span> <span class='ocrx_word' id='word_1_208' title='bbox 1008 2425 1114 2480; x_wconf 85' lang='lat' dir='ltr'>essedis</span> <span class='ocrx_word' id='word_1_209' title='bbox 1130 2423 1165 2480; x_wconf 89' lang='lat' dir='ltr'>ad</span> 
     </span>
     <span class='ocr_line' id='line_1_25' title="bbox 140 2513 1166 2589; baseline -0.003 -17"><span class='ocrx_word' id='word_1_210' title='bbox 140 2515 249 2572; x_wconf 87' lang='lat' dir='ltr'>flumen</span> <span class='ocrx_word' id='word_1_211' title='bbox 267 2514 419 2589; x_wconf 84' lang='lat' dir='ltr'>progressi,</span> <span class='ocrx_word' id='word_1_212' title='bbox 435 2533 470 2569; x_wconf 92' lang='lat' dir='ltr'>ex</span> <span class='ocrx_word' id='word_1_213' title='bbox 483 2514 548 2568; x_wconf 93' lang='lat' dir='ltr'>loco</span> <span class='ocrx_word' id='word_1_214' title='bbox 569 2513 713 2586; x_wconf 90' lang='lat' dir='ltr'>superiore</span> <span class='ocrx_word' id='word_1_215' title='bbox 737 2527 848 2568; x_wconf 89' lang='lat' dir='ltr'>nostros</span> <span class='ocrx_word' id='word_1_216' title='bbox 870 2515 1019 2587; x_wconf 85' lang='lat' dir='ltr'>prohibere</span> <span class='ocrx_word' id='word_1_217' title='bbox 1043 2526 1071 2569; x_wconf 92' lang='lat' dir='ltr'>et</span> <span class='ocrx_word' id='word_1_218' title='bbox 1095 2533 1166 2586; x_wconf 82' lang='lat' dir='ltr'>prur-</span> 
     </span>
     <span class='ocr_line' id='line_1_26' title="bbox 140 2589 1167 2674; baseline -0.001 -13"><span class='ocrx_word' id='word_1_219' title='bbox 140 2606 213 2662; x_wconf 92' lang='lat' dir='ltr'>lium</span> <span class='ocrx_word' id='word_1_220' title='bbox 228 2604 406 2659; x_wconf 89' lang='lat' dir='ltr'>committere</span> <span class='ocrx_word' id='word_1_221' title='bbox 428 2612 583 2674; x_wconf 88' lang='lat' dir='ltr'>coeperunt.</span> <span class='ocrx_word' id='word_1_222' title='bbox 625 2601 746 2674; x_wconf 89' lang='lat' dir='ltr'>Repulsi</span> <span class='ocrx_word' id='word_1_223' title='bbox 769 2603 803 2657; x_wconf 90' lang='lat' dir='ltr'>ab</span> <span class='ocrx_word' id='word_1_224' title='bbox 825 2589 1008 2674; x_wconf 71' lang='lat' dir='ltr'>equitatu,&#39;se</span> <span class='ocrx_word' id='word_1_225' title='bbox 1033 2602 1061 2657; x_wconf 92' lang='lat' dir='ltr'>in</span> <span class='ocrx_word' id='word_1_226' title='bbox 1083 2603 1167 2660; x_wconf 86' lang='lat' dir='ltr'>silvas</span> 
     </span>
     <span class='ocr_line' id='line_1_27' title="bbox 144 2689 1165 2766; baseline -0.002 -16"><span class='ocrx_word' id='word_1_227' title='bbox 144 2693 325 2760; x_wconf 90' lang='lat' dir='ltr'>abdiderunt,</span> <span class='ocrx_word' id='word_1_228' title='bbox 340 2692 436 2746; x_wconf 92' lang='lat' dir='ltr'>locum</span> <span class='ocrx_word' id='word_1_229' title='bbox 451 2690 528 2746; x_wconf 89' lang='lat' dir='ltr'>nacti</span> <span class='ocrx_word' id='word_1_230' title='bbox 549 2689 664 2766; x_wconf 75' lang='lat' dir='ltr'>egregie</span> <span class='ocrx_word' id='word_1_231' title='bbox 688 2702 716 2747; x_wconf 91' lang='lat' dir='ltr'>et</span> <span class='ocrx_word' id='word_1_232' title='bbox 738 2692 889 2748; x_wconf 68' lang='lat' dir='ltr'>naturaei</span> <span class='ocrx_word' id='word_1_233' title='bbox 909 2711 994 2766; x_wconf 89' lang='lat' dir='ltr'>opere</span> <span class='ocrx_word' id='word_1_234' title='bbox 1015 2692 1165 2764; x_wconf 90' lang='lat' dir='ltr'>munitum,</span> 
     </span>
     <span class='ocr_line' id='line_1_28' title="bbox 143 2782 1167 2860; baseline 0.001 -20"><span class='ocrx_word' id='word_1_235' title='bbox 143 2803 229 2858; x_wconf 92' lang='lat' dir='ltr'>quem</span> <span class='ocrx_word' id='word_1_236' title='bbox 250 2782 399 2839; x_wconf 89' lang='lat' dir='ltr'>domestici</span> <span class='ocrx_word' id='word_1_237' title='bbox 421 2782 497 2853; x_wconf 90' lang='lat' dir='ltr'>belli,</span> <span class='ocrx_word' id='word_1_238' title='bbox 518 2793 548 2840; x_wconf 89' lang='lat' dir='ltr'>ut</span> <span class='ocrx_word' id='word_1_239' title='bbox 566 2783 723 2853; x_wconf 88' lang='lat' dir='ltr'>videbatur,</span> <span class='ocrx_word' id='word_1_240' title='bbox 739 2785 826 2840; x_wconf 70' lang='lat' dir='ltr'>causa</span> <span class='ocrx_word' id='word_1_241' title='bbox 843 2783 902 2858; x_wconf 88' lang='lat' dir='ltr'>jam</span> <span class='ocrx_word' id='word_1_242' title='bbox 926 2784 989 2840; x_wconf 74' lang='lat' dir='ltr'>ante</span> <span class='ocrx_word' id='word_1_243' title='bbox 1012 2804 1167 2860; x_wconf 86' lang='lat' dir='ltr'>praeparav-</span> 
     </span>
     <span class='ocr_line' id='line_1_29' title="bbox 144 2857 1165 2936; baseline 0.005 -6"><span class='ocrx_word' id='word_1_244' title='bbox 144 2885 243 2931; x_wconf 88' lang='lat' dir='ltr'>erant:</span> <span class='ocrx_word' id='word_1_245' title='bbox 274 2893 339 2930; x_wconf 91' lang='lat' dir='ltr'>nam</span> <span class='ocrx_word' id='word_1_246' title='bbox 363 2857 470 2930; x_wconf 80' lang='lat' dir='ltr'>crebris</span> <span class='ocrx_word' id='word_1_247' title='bbox 499 2875 645 2930; x_wconf 91' lang='lat' dir='ltr'>arboribus</span> <span class='ocrx_word' id='word_1_248' title='bbox 668 2875 789 2932; x_wconf 88' lang='lat' dir='ltr'>succisis</span> <span class='ocrx_word' id='word_1_249' title='bbox 810 2894 909 2931; x_wconf 88' lang='lat' dir='ltr'>omnes</span> <span class='ocrx_word' id='word_1_250' title='bbox 934 2875 1063 2932; x_wconf 87' lang='lat' dir='ltr'>introitus</span> <span class='ocrx_word' id='word_1_251' title='bbox 1085 2888 1165 2936; x_wconf 90' lang='lat' dir='ltr'>erant</span> 
     </span>
     <span class='ocr_line' id='line_1_30' title="bbox 139 2963 1166 3040; baseline 0.005 -19"><span class='ocrx_word' id='word_1_252' title='bbox 139 2965 282 3040; x_wconf 74' lang='lat' dir='ltr'>praeclusi.</span> <span class='ocrx_word' id='word_1_253' title='bbox 323 2963 382 3039; x_wconf 89' lang='lat' dir='ltr'>Ipsi</span> <span class='ocrx_word' id='word_1_254' title='bbox 403 2983 437 3022; x_wconf 88' lang='lat' dir='ltr'>ex</span> <span class='ocrx_word' id='word_1_255' title='bbox 465 2965 542 3022; x_wconf 86' lang='lat' dir='ltr'>silvis</span> <span class='ocrx_word' id='word_1_256' title='bbox 569 2966 624 3022; x_wconf 89' lang='lat' dir='ltr'>rari</span> <span class='ocrx_word' id='word_1_257' title='bbox 648 2966 874 3040; x_wconf 83' lang='lat' dir='ltr'>propugnabant,</span> <span class='ocrx_word' id='word_1_258' title='bbox 897 2979 1063 3040; x_wconf 88' lang='lat' dir='ltr'>nostrosque</span> <span class='ocrx_word' id='word_1_259' title='bbox 1092 2968 1166 3026; x_wconf 89' lang='lat' dir='ltr'>intra</span> 
     </span>
     <span class='ocr_line' id='line_1_31' title="bbox 144 3057 1221 3133; baseline 0.004 -21"><span class='ocrx_word' id='word_1_260' title='bbox 144 3057 316 3113; x_wconf 87' lang='lat' dir='ltr'>munitiones</span> <span class='ocrx_word' id='word_1_261' title='bbox 331 3057 440 3132; x_wconf 88' lang='lat' dir='ltr'>ingredi</span> <span class='ocrx_word' id='word_1_262' title='bbox 461 3057 659 3131; x_wconf 89' lang='lat' dir='ltr'>prohibebant.</span> <span class='ocrx_word' id='word_1_263' title='bbox 702 3057 743 3112; x_wconf 89' lang='lat' dir='ltr'>At</span> <span class='ocrx_word' id='word_1_264' title='bbox 763 3057 1007 3133; x_wconf 89' lang='lat' dir='ltr'>militeslegionis</span> <span class='ocrx_word' id='word_1_265' title='bbox 1030 3059 1096 3127; x_wconf 92' lang='lat' dir='ltr'>Vll,</span> <span class='ocrx_word' id='word_1_266' title='bbox 1111 3072 1165 3116; x_wconf 86' lang='lat' dir='ltr'>tes-</span> <span class='ocrx_word' id='word_1_267' title='bbox 1218 3096 1221 3101; x_wconf 97' lang='lat'>-</span> 
     </span>
     <span class='ocr_line' id='line_1_32' title="bbox 142 3147 1163 3223; baseline 0.002 -19"><span class='ocrx_word' id='word_1_268' title='bbox 142 3149 240 3204; x_wconf 91' lang='lat' dir='ltr'>tudine</span> <span class='ocrx_word' id='word_1_269' title='bbox 256 3148 341 3217; x_wconf 70' lang='lat' dir='ltr'>sucta,</span> <span class='ocrx_word' id='word_1_270' title='bbox 357 3157 385 3204; x_wconf 88' lang='lat' dir='ltr'>et</span> <span class='ocrx_word' id='word_1_271' title='bbox 400 3167 503 3223; x_wconf 85' lang='lat' dir='ltr'>aggere</span> <span class='ocrx_word' id='word_1_272' title='bbox 519 3148 554 3204; x_wconf 91' lang='lat' dir='ltr'>ad</span> <span class='ocrx_word' id='word_1_273' title='bbox 568 3147 743 3206; x_wconf 84' lang='lat' dir='ltr'>munitiones</span> <span class='ocrx_word' id='word_1_274' title='bbox 765 3147 884 3221; x_wconf 88' lang='lat' dir='ltr'>adjecto,</span> <span class='ocrx_word' id='word_1_275' title='bbox 901 3149 994 3204; x_wconf 90' lang='lat' dir='ltr'>locum</span> <span class='ocrx_word' id='word_1_276' title='bbox 1016 3161 1163 3223; x_wconf 89' lang='lat' dir='ltr'>ceperunt,</span> 
     </span>
     <span class='ocr_line' id='line_1_33' title="bbox 141 3235 1164 3314; baseline 0.003 -19"><span class='ocrx_word' id='word_1_277' title='bbox 141 3258 245 3312; x_wconf 89' lang='lat' dir='ltr'>eosque</span> <span class='ocrx_word' id='word_1_278' title='bbox 266 3257 301 3294; x_wconf 90' lang='lat' dir='ltr'>ex</span> <span class='ocrx_word' id='word_1_279' title='bbox 322 3239 399 3294; x_wconf 89' lang='lat' dir='ltr'>silvis</span> <span class='ocrx_word' id='word_1_280' title='bbox 420 3239 598 3312; x_wconf 87' lang='lat' dir='ltr'>expulerunt,</span> <span class='ocrx_word' id='word_1_281' title='bbox 619 3235 721 3311; x_wconf 88' lang='lat' dir='ltr'>paucis</span> <span class='ocrx_word' id='word_1_282' title='bbox 744 3238 907 3294; x_wconf 88' lang='lat' dir='ltr'>vulneribus</span> <span class='ocrx_word' id='word_1_283' title='bbox 930 3241 1062 3314; x_wconf 87' lang='lat' dir='ltr'>acceptis.</span> <span class='ocrx_word' id='word_1_284' title='bbox 1106 3242 1164 3298; x_wconf 86' lang='lat' dir='ltr'>Sed</span> 
     </span>
     <span class='ocr_line' id='line_1_34' title="bbox 141 3327 1195 3404; baseline 0.004 -21"><span class='ocrx_word' id='word_1_285' title='bbox 141 3348 190 3384; x_wconf 86' lang='lat' dir='ltr'>eos</span> <span class='ocrx_word' id='word_1_286' title='bbox 205 3329 346 3402; x_wconf 85' lang='lat' dir='ltr'>fugientes</span> <span class='ocrx_word' id='word_1_287' title='bbox 361 3327 474 3402; x_wconf 74' lang='lat' dir='ltr'>longius</span> <span class='ocrx_word' id='word_1_288' title='bbox 489 3327 585 3383; x_wconf 77' lang='lat' dir='ltr'>Caesar</span> <span class='ocrx_word' id='word_1_289' title='bbox 599 3327 731 3402; x_wconf 87' lang='lat' dir='ltr'>prosequi</span> <span class='ocrx_word' id='word_1_290' title='bbox 749 3329 847 3397; x_wconf 82' lang='lat' dir='ltr'>vetuit,</span> <span class='ocrx_word' id='word_1_291' title='bbox 862 3342 889 3386; x_wconf 91' lang='lat' dir='ltr'>et</span> <span class='ocrx_word' id='word_1_292' title='bbox 911 3329 987 3404; x_wconf 71' lang='lat' dir='ltr'>quad</span> <span class='ocrx_word' id='word_1_293' title='bbox 1008 3332 1063 3387; x_wconf 87' lang='lat' dir='ltr'>loci</span> <span class='ocrx_word' id='word_1_294' title='bbox 1084 3336 1195 3403; x_wconf 52' lang='lat' dir='ltr'>natam</span> 
     </span>
     <span class='ocr_line' id='line_1_35' title="bbox 73 3417 1163 3496; baseline 0.006 -22"><span class='ocrx_word' id='word_1_295' title='bbox 73 3422 82 3430; x_wconf 88' lang='lat'><strong><em>‘</em></strong></span> <span class='ocrx_word' id='word_1_296' title='bbox 141 3438 200 3474; x_wconf 88' lang='lat' dir='ltr'>ram</span> <span class='ocrx_word' id='word_1_297' title='bbox 217 3419 374 3492; x_wconf 79' lang='lat' dir='ltr'>ignorabat,</span> <span class='ocrx_word' id='word_1_298' title='bbox 390 3429 418 3474; x_wconf 91' lang='lat' dir='ltr'>et</span> <span class='ocrx_word' id='word_1_299' title='bbox 432 3417 518 3490; x_wconf 83' lang='lat' dir='ltr'>quod,</span> <span class='ocrx_word' id='word_1_300' title='bbox 534 3420 637 3493; x_wconf 69' lang='lat' dir='ltr'>magna</span> <span class='ocrx_word' id='word_1_301' title='bbox 651 3430 731 3491; x_wconf 84' lang='lat' dir='ltr'>parte</span> <span class='ocrx_word' id='word_1_302' title='bbox 745 3420 802 3475; x_wconf 89' lang='lat' dir='ltr'>diei</span> <span class='ocrx_word' id='word_1_303' title='bbox 818 3423 995 3496; x_wconf 74' lang='lat' dir='ltr'>consumpta,</span> <span class='ocrx_word' id='word_1_304' title='bbox 1011 3423 1163 3480; x_wconf 92' lang='lat' dir='ltr'>munitioni</span> 
     </span>
     <span class='ocr_line' id='line_1_36' title="bbox 142 3508 695 3581; baseline 0.002 -18"><span class='ocrx_word' id='word_1_305' title='bbox 142 3519 298 3564; x_wconf 88' lang='lat' dir='ltr'>castrorum</span> <span class='ocrx_word' id='word_1_306' title='bbox 314 3518 426 3581; x_wconf 87' lang='lat' dir='ltr'>tempus</span> <span class='ocrx_word' id='word_1_307' title='bbox 440 3508 561 3580; x_wconf 91' lang='lat' dir='ltr'>relinqui</span> <span class='ocrx_word' id='word_1_308' title='bbox 577 3509 695 3564; x_wconf 86' lang='lat' dir='ltr'>volebat.</span> 
     </span>
    </p>

    <p class='ocr_par' dir='ltr' id='par_1_4' title="bbox 138 3597 1164 3950">
     <span class='ocr_line' id='line_1_37' title="bbox 181 3597 1164 3675; baseline 0.004 -22"><span class='ocrx_word' id='word_1_309' title='bbox 181 3597 219 3654; x_wconf 93' lang='lat' dir='ltr'>X.</span> <span class='ocrx_word' id='word_1_310' title='bbox 248 3597 389 3654; x_wconf 91' lang='lat' dir='ltr'>Postridie</span> <span class='ocrx_word' id='word_1_311' title='bbox 404 3598 464 3672; x_wconf 89' lang='lat' dir='ltr'>ejus</span> <span class='ocrx_word' id='word_1_312' title='bbox 480 3598 535 3654; x_wconf 90' lang='lat' dir='ltr'>diei</span> <span class='ocrx_word' id='word_1_313' title='bbox 556 3619 639 3654; x_wconf 90' lang='lat' dir='ltr'>mane</span> <span class='ocrx_word' id='word_1_314' title='bbox 660 3599 800 3674; x_wconf 76' lang='lat' dir='ltr'>tripartito</span> <span class='ocrx_word' id='word_1_315' title='bbox 822 3602 926 3658; x_wconf 90' lang='lat' dir='ltr'>milites</span> <span class='ocrx_word' id='word_1_316' title='bbox 947 3603 1113 3675; x_wconf 86' lang='lat' dir='ltr'>equitesque</span> <span class='ocrx_word' id='word_1_317' title='bbox 1134 3603 1164 3657; x_wconf 91' lang='lat' dir='ltr'>in</span> 
     </span>
     <span class='ocr_line' id='line_1_38' title="bbox 140 3683 1164 3766; baseline -0.001 -18"><span class='ocrx_word' id='word_1_318' title='bbox 140 3683 351 3764; x_wconf 84' lang='lat' dir='ltr'>expeditionem</span> <span class='ocrx_word' id='word_1_319' title='bbox 370 3687 456 3757; x_wconf 90' lang='lat' dir='ltr'>misit,</span> <span class='ocrx_word' id='word_1_320' title='bbox 471 3700 502 3745; x_wconf 93' lang='lat' dir='ltr'>ut</span> <span class='ocrx_word' id='word_1_321' title='bbox 523 3708 580 3758; x_wconf 88' lang='lat' dir='ltr'>eos,</span> <span class='ocrx_word' id='word_1_322' title='bbox 596 3690 645 3762; x_wconf 91' lang='lat' dir='ltr'>qui</span> <span class='ocrx_word' id='word_1_323' title='bbox 666 3690 806 3766; x_wconf 81' lang='lat' dir='ltr'>fugerant,</span> <span class='ocrx_word' id='word_1_324' title='bbox 820 3704 1066 3766; x_wconf 89' lang='lat' dir='ltr'>persequerentur.</span> <span class='ocrx_word' id='word_1_325' title='bbox 1108 3691 1164 3747; x_wconf 87' lang='lat' dir='ltr'>llis</span> 
     </span>
     <span class='ocr_line' id='line_1_39' title="bbox 140 3778 1164 3856; baseline 0 -18"><span class='ocrx_word' id='word_1_326' title='bbox 140 3781 317 3856; x_wconf 86' lang='lat' dir='ltr'>aliquantum</span> <span class='ocrx_word' id='word_1_327' title='bbox 343 3778 452 3836; x_wconf 84' lang='lat' dir='ltr'>itineris</span> <span class='ocrx_word' id='word_1_328' title='bbox 479 3781 645 3856; x_wconf 66' lang='lat' dir='ltr'>progressis</span> <span class='ocrx_word' id='word_1_329' title='bbox 674 3800 760 3853; x_wconf 91' lang='lat' dir='ltr'>quum</span> <span class='ocrx_word' id='word_1_330' title='bbox 782 3782 841 3856; x_wconf 88' lang='lat' dir='ltr'>jam</span> <span class='ocrx_word' id='word_1_331' title='bbox 868 3781 986 3837; x_wconf 88' lang='lat' dir='ltr'>extremi</span> <span class='ocrx_word' id='word_1_332' title='bbox 1013 3793 1108 3840; x_wconf 88' lang='lat' dir='ltr'>essent</span> <span class='ocrx_word' id='word_1_333' title='bbox 1134 3782 1164 3840; x_wconf 90' lang='lat' dir='ltr'>in</span> 
     </span>
     <span class='ocr_line' id='line_1_40' title="bbox 138 3869 1153 3950; baseline -0.002 -20"><span class='ocrx_word' id='word_1_334' title='bbox 138 3882 301 3950; x_wconf 88' lang='lat' dir='ltr'>prospectu,</span> <span class='ocrx_word' id='word_1_335' title='bbox 317 3870 428 3946; x_wconf 84' lang='lat' dir='ltr'>equites</span> <span class='ocrx_word' id='word_1_336' title='bbox 450 3889 466 3928; x_wconf 85' lang='lat' dir='ltr'>a</span> <span class='ocrx_word' id='word_1_337' title='bbox 485 3869 524 3934; x_wconf 81' lang='lat' dir='ltr'>Q.</span> <span class='ocrx_word' id='word_1_338' title='bbox 541 3871 625 3928; x_wconf 87' lang='lat' dir='ltr'>Atrio</span> <span class='ocrx_word' id='word_1_339' title='bbox 647 3871 681 3928; x_wconf 92' lang='lat' dir='ltr'>ad</span> <span class='ocrx_word' id='word_1_340' title='bbox 702 3871 847 3928; x_wconf 78' lang='lat' dir='ltr'>Caesarem</span> <span class='ocrx_word' id='word_1_341' title='bbox 868 3881 1015 3942; x_wconf 87' lang='lat' dir='ltr'>venerunt,</span> <span class='ocrx_word' id='word_1_342' title='bbox 1030 3871 1079 3947; x_wconf 90' lang='lat' dir='ltr'>qui</span> <span class='ocrx_word' id='word_1_343' title='bbox 1092 3892 1153 3932; x_wconf 90' lang='lat' dir='ltr'>nun</span> 
     </span>
    </p>
   </div>
   <div class='ocr_carea' id='block_1_3' title="bbox 0 0 1300 4270">
    <p class='ocr_par' dir='ltr' id='par_1_5' title="bbox 0 0 1300 4270">
     <span class='ocr_line' id='line_1_41' title="bbox 0 0 1300 4270; baseline 0 0"><span class='ocrx_word' id='word_1_344' title='bbox 0 0 1300 4270; x_wconf 95' lang='lat' dir='ltr'> </span> 
     </span>
    </p>
   </div>
  </div>
 </body>
</html>
