2566 4270
120 297 190 346 cn,
209 297 242 358 1.]
478 295 584 346 musa
607 293 792 346 ssr‘nuus.
1096 295 1152 354 riu

118 438 248 496 deducto
261 437 401 510 exercitu,
415 457 511 495 rerum
532 440 661 497 omnium
682 439 778 514 inopia
798 437 977 514 pereundum
998 436 1164 499 videretur..

117 526 169 586 Ac
192 548 268 604 saepe
290 529 320 586 in
342 549 408 586 euin
431 531 529 586 locum
550 543 666 592 ventum
694 543 747 600 est,
772 541 852 587 tanto
875 530 905 586 in
929 547 1029 586 omnes
1055 541 1150 603 partes

117 619 214 677 diviso
228 621 367 694 equitatu,
383 632 414 677 ut
428 622 512 678 modd
527 623 619 692 visum
636 621 671 678 ab
685 641 715 678 se
730 621 929 696 Ambiorigem
951 621 979 676 in
1001 619 1069 696 fugai
1085 616 1164 694 cap·¹

116 695 183 782 tivi,
198 729 254 767 nec
266 710 353 788 plane
368 713 454 768 etiarn
470 713 561 769 abisse
578 731 613 768 ex
633 723 789 787 conspectu
811 711 1028 781 contenderent,
1043 724 1083 780 ut,
1098 729 1148 786 spe

117 802 317 876 consequendi
332 788 421 873 illata,
438 813 522 876 atque
543 799 654 860 infinito
677 804 774 860 labore
793 814 936 877 suscepto,
952 802 1000 876 qui
1022 820 1052 858 se
1073 821 1148 858 surn-

116 911 199 948 mam
227 893 263 948 ab
289 892 405 950 Caesare
432 894 553 969 gratiam
580 893 701 950 inituros
731 905 874 969 putarent,
900 911 983 968 paene
1016 903 1147 950 naturam

117 983 219 1041 studio
240 983 399 1054 vincerent,
420 1001 589 1059 semperque
612 985 732 1060 paulum
760 984 795 1040 ad
817 1001 956 1040 summam
983 983 1148 1040 felicitatem

119 1073 250 1131 defuisse
264 1073 417 1146 videretur,
433 1085 517 1148 atque
532 1075 580 1132 ille
593 1075 720 1146 latebris,
737 1085 784 1131 aut
798 1075 917 1131 saltibus
931 1092 961 1130 se
975 1075 1106 1148 eriperet,
1121 1085 1149 1130 et

117 1175 211 1224 noctu
233 1166 394 1222 occultatus
418 1166 487 1222 alias
506 1166 639 1242 regiones
661 1177 812 1241 partesque
831 1175 950 1240 peteret,
964 1185 1022 1221 non
1043 1165 1149 1240 majore

117 1257 251 1330 equitum
264 1255 509 1332 praesidio,„qualm
523 1268 655 1332 quatuor,
669 1257 773 1332 quibus
787 1257 855 1314 solis
869 1257 953 1313 vitam
970 1274 1051 1312 suam
1073 1275 1149 1312 com·

118 1347 236 1404 mittere
251 1347 381 1404 audebat.
891 1391 900 1404 .

161 1437 270 1496 XLIV.
309 1437 377 1495 Tali
409 1439 495 1496 modo
520 1439 636 1496 vastatis
663 1439 838 1516 regionibus,
866 1437 1023 1498 exercitum
1049 1437 1146 1494 Caesar

117 1527 244 1584 duarum
270 1529 431 1598 cohortium
456 1530 560 1587 damno
583 1530 809 1588 Durocortorum
837 1529 996 1586 Remorum
1023 1527 1145 1589 reducit.
1217 1523 1222 1529 ⁸
1261 1523 1268 1537 '

119 1620 304 1693 concilioque
318 1619 348 1676 in
362 1639 428 1677 eum
442 1621 538 1677 locum
552 1623 654 1678 Galliae
675 1623 793 1691 indicto,
808 1621 844 1677 de
865 1620 1061 1696 conjuratione
1076 1621 1147 1676 Sen-

119 1730 210 1791 onum
225 1723 252 1767 et
266 1711 426 1768 Carnutum
441 1712 627 1785 quaestionem
645 1713 749 1770 habere
765 1711 901 1778 instituit;
923 1723 951 1768 et
965 1711 1001 1766 de
1015 1710 1146 1780 Accone,

118 1801 170 1879 qui
186 1802 317 1877 princeps
331 1802 393 1878 ejus
407 1803 521 1860 consilii
536 1803 638 1872 fuerat,
649 1804 779 1879 graviore
793 1803 935 1858 sententiis
946 1800 1146 1874 pronunciatd,

118 1911 201 1950 more
215 1893 353 1968 majorum
368 1893 540 1968 supplicium
556 1895 683 1968 sumpsit.
725 1892 876 1962 Nonnulli,
895 1891 1037 1966 judicium
1054 1891 1146 1962 veriti,

117 1984 326 2060 profugerunt:
356 1985 459 2059 quibus
487 1986 672 2059 quumaqufi
700 1996 784 2059 atquc
806 1983 865 2060 igni
890 1981 1090 2053 interdixisset,
1116 1981 1146 2038 ΙΙ

118 2075 250 2152 legiones
265 2075 298 2130 ad
314 2075 385 2132 fines
399 2075 596 2147 Trevirorum,
611 2076 641 2132 II
662 2077 691 2134 in
714 2075 902 2152 Lingonibus,
918 2073 959 2132 Vl
977 2075 1101 2148 reliquas
1116 2075 1145 2130 in

120 2169 269 2225 Senonum
286 2166 390 2223 finibus
404 2166 549 2244 Agendici
564 2169 594 2224 in
609 2168 735 2226 bibernis
755 2167 924 2236 collocavit3
946 2166 1145 2239 frumentoque

119 2259 248 2316 exercitu
262 2258 384 2333 proviso,
399 2270 431 2315 ut
445 2259 616 2330 instituerat,
631 2259 660 2316 in
674 2259 787 2321 Italiam
801 2259 836 2316 ad
850 2269 1008 2316 conventus
1020 2255 1146 2333 agendos

119 2350 265 2426 profectus
280 2359 330 2406 est.

439 2551 829 2563 ...ι-..Ἥ

339 2777 407 2847 ns
445 2781 633 2848 annno
670 2759 932 2850 cantico

510 2999 647 3054 LIBER
677 3000 758 3054 Vll.

160 3158 184 3219 1.
211 3160 454 3234 tirunculis,
470 3163 577 3232 Caesar,
592 3173 624 3218 ut
643 3162 840 3234 constituerat,
855 3162 885 3221 in
901 3163 1013 3222 Italiam
1029 3165 1064 3222 ad
1078 3185 1146 3224 con·

121 3263 224 3309 ventus
243 3253 368 3328 agendos
386 3253 588 3330 proficiscitur.
630 3251 675 3308 Ibi
698 3256 848 3330 cognoscit
869 3255 905 3313 de
927 3257 1023 3314 Clodii
1045 3259 1144 3316 caede:

121 3343 159 3400 de
173 3344 344 3416 senatusque
359 3344 490 3400 consulto
504 3344 609 3400 certior
624 3343 725 3414 factus,
741 3356 771 3402 ut
790 3365 888 3404 onmes
905 3347 1034 3423 juniores
1054 3347 1144 3406 Italiae

121 3433 314 3508 conjurarent,
329 3434 473 3490 delectum
488 3435 548 3491 tota
568 3434 716 3510 provincia
737 3435 842 3494 habere
862 3437 992 3496 instituit.
1035 3438 1085 3499 Eas
1099 3459 1145 3496 res

121 3526 153 3583 in
175 3523 299 3580 Galliam
323 3523 544 3600 Transalpinam
569 3526 699 3583 celeriter
719 3528 908 3602 perferuntur.
950 3530 1070 3607 Addunt
1090 3529 1144 3604 ipsi

120 3627 150 3673 et
172 3615 310 3692 affingunt
329 3616 489 3673 rumoribus
510 3617 596 3688 Galli,
611 3617 686 3692 quod
705 3639 749 3676 res
762 3638 881 3694 poscere
896 3621 1054 3689 videbatur,
1069 3627 1076 3652 ‘
1089 3630 1144 3676 ret·

120 3707 194 3767 ineri
209 3707 319 3763 urbano
333 3717 410 3763 motu
426 3708 578 3778 Caesarem,
593 3729 686 3782 neque
706 3710 734 3766 in
755 3711 842 3767 tantis
863 3711 1087 3768 dissensionibus
1108 3710 1143 3766 ad

120 3798 278 3855 exercitum
292 3798 389 3863 venire
403 3801 503 3872 posse!
546 3799 612 3856 Hac
627 3800 740 3874 impulsi
755 3802 918 3882 occasione,
934 3799 983 3872 qui
1002 3798 1061 3872 jam
1076 3799 1142 3858 ante

120 3897 152 3946 s'c
177 3888 276 3966 populi
297 3887 425 3946 Romani
447 3889 566 3966 imperio
589 3881 733 3966 subjectos¹
756 3881 1036 3960 dolerent,'1iberius
1059 3901 1143 3950 atoue

439 3980 475 4037 lu
486 3979 502 4014 *
