<?xml version="1.0" encoding="UTF-8"?>
<!DOCTYPE html PUBLIC "-//W3C//DTD XHTML 1.0 Transitional//EN"
    "http://www.w3.org/TR/xhtml1/DTD/xhtml1-transitional.dtd">
<html xmlns="http://www.w3.org/1999/xhtml" xml:lang="en" lang="en">
 <head>
  <title>
</title>
<meta http-equiv="Content-Type" content="text/html;charset=utf-8" />
  <meta name='ocr-system' content='tesseract 3.04.00' />
  <meta name='ocr-capabilities' content='ocr_page ocr_carea ocr_par ocr_line ocrx_word'/>
</head>
<body>
  <div class='ocr_page' id='page_1' title='image "./cjuliuscaesarsc00caesgoog_0163.png"; bbox 0 0 2626 4272; ppageno 0'>
   <div class='ocr_carea' id='block_1_1' title="bbox 116 285 1159 356">
    <p class='ocr_par' dir='ltr' id='par_1_1' title="bbox 116 244 1159 356">
     <span class='ocr_line' id='line_1_1' title="bbox 116 285 1159 356; baseline 0.008 -16"><span class='ocrx_word' id='word_1_1' title='bbox 116 285 197 341; x_wconf 58' lang='grc' dir='ltr'>οη.</span> <span class='ocrx_word' id='word_1_2' title='bbox 213 293 329 356; x_wconf 72' lang='lat' dir='ltr'>ae-mq</span> <span class='ocrx_word' id='word_1_3' title='bbox 500 287 606 340; x_wconf 75' lang='lat' dir='ltr'>cinus</span> <span class='ocrx_word' id='word_1_4' title='bbox 628 287 813 340; x_wconf 77' lang='lat' dir='ltr'>sammua.</span> <span class='ocrx_word' id='word_1_5' title='bbox 1105 290 1159 348; x_wconf 81' lang='lat'>151</span> 
     </span>
    </p>
   </div>
   <div class='ocr_carea' id='block_1_2' title="bbox 8 430 1227 3857">
    <p class='ocr_par' dir='ltr' id='par_1_2' title="bbox 118 430 1227 2053">
     <span class='ocr_line' id='line_1_2' title="bbox 118 430 1161 511; baseline -0.004 -20"><span class='ocrx_word' id='word_1_6' title='bbox 118 431 240 511; x_wconf 80' lang='lat' dir='ltr'>insigni</span> <span class='ocrx_word' id='word_1_7' title='bbox 255 435 285 492; x_wconf 92' lang='lat' dir='ltr'>in</span> <span class='ocrx_word' id='word_1_8' title='bbox 304 431 414 510; x_wconf 81' lang='lat' dir='ltr'>proeliis</span> <span class='ocrx_word' id='word_1_9' title='bbox 436 433 478 490; x_wconf 92' lang='lat' dir='ltr'>uti</span> <span class='ocrx_word' id='word_1_10' title='bbox 500 435 712 511; x_wconf 84' lang='lat' dir='ltr'>consueverat,)</span> <span class='ocrx_word' id='word_1_11' title='bbox 734 432 893 506; x_wconf 89' lang='lat' dir='ltr'>turmisque</span> <span class='ocrx_word' id='word_1_12' title='bbox 919 430 1048 506; x_wconf 93' lang='lat' dir='ltr'>equitum</span> <span class='ocrx_word' id='word_1_13' title='bbox 1071 441 1101 487; x_wconf 92' lang='lat' dir='ltr'>et</span> <span class='ocrx_word' id='word_1_14' title='bbox 1114 449 1161 487; x_wconf 92' lang='lat' dir='ltr'>co·</span> 
     </span>
     <span class='ocr_line' id='line_1_3' title="bbox 119 515 1227 599; baseline -0.002 -19"><span class='ocrx_word' id='word_1_15' title='bbox 119 523 262 582; x_wconf 75' lang='lat' dir='ltr'>hortibus</span> <span class='ocrx_word' id='word_1_16' title='bbox 285 526 363 594; x_wconf 83' lang='lat' dir='ltr'>visis,</span> <span class='ocrx_word' id='word_1_17' title='bbox 378 543 449 598; x_wconf 90' lang='lat' dir='ltr'>quas</span> <span class='ocrx_word' id='word_1_18' title='bbox 462 543 494 581; x_wconf 92' lang='lat' dir='ltr'>se</span> <span class='ocrx_word' id='word_1_19' title='bbox 513 525 595 598; x_wconf 88' lang='lat' dir='ltr'>sequi</span> <span class='ocrx_word' id='word_1_20' title='bbox 614 524 747 599; x_wconf 86' lang='lat' dir='ltr'>jusserat.</span> <span class='ocrx_word' id='word_1_21' title='bbox 762 535 793 580; x_wconf 94' lang='lat' dir='ltr'>ut</span> <span class='ocrx_word' id='word_1_22' title='bbox 815 523 851 580; x_wconf 90' lang='lat' dir='ltr'>de</span> <span class='ocrx_word' id='word_1_23' title='bbox 872 523 944 580; x_wconf 89' lang='lat' dir='ltr'>locis</span> <span class='ocrx_word' id='word_1_24' title='bbox 965 523 1161 597; x_wconf 88' lang='lat' dir='ltr'>superioribus</span> <span class='ocrx_word' id='word_1_25' title='bbox 1223 515 1227 526; x_wconf 82' lang='lat'>&#39;</span> 
     </span>
     <span class='ocr_line' id='line_1_4' title="bbox 120 613 1160 689; baseline -0.003 -17"><span class='ocrx_word' id='word_1_26' title='bbox 120 613 195 672; x_wconf 80' lang='lat' dir='ltr'>haec</span> <span class='ocrx_word' id='word_1_27' title='bbox 216 615 339 672; x_wconf 83' lang='lat' dir='ltr'>declivia</span> <span class='ocrx_word' id='word_1_28' title='bbox 360 625 390 672; x_wconf 89' lang='lat' dir='ltr'>et</span> <span class='ocrx_word' id='word_1_29' title='bbox 414 615 522 672; x_wconf 83' lang='lat' dir='ltr'>devexa</span> <span class='ocrx_word' id='word_1_30' title='bbox 544 617 745 685; x_wconf 79' lang='lat' dir='ltr'>cernebantur,</span> <span class='ocrx_word' id='word_1_31' title='bbox 761 615 856 671; x_wconf 89' lang='lat' dir='ltr'>hostes</span> <span class='ocrx_word' id='word_1_32' title='bbox 879 615 1010 689; x_wconf 82' lang='lat' dir='ltr'>proelium</span> <span class='ocrx_word' id='word_1_33' title='bbox 1030 613 1160 670; x_wconf 89' lang='lat' dir='ltr'>commit·</span> 
     </span>
     <span class='ocr_line' id='line_1_5' title="bbox 120 705 1160 781; baseline -0.001 -19"><span class='ocrx_word' id='word_1_34' title='bbox 120 715 206 764; x_wconf 88' lang='lat' dir='ltr'>tunt.</span> <span class='ocrx_word' id='word_1_35' title='bbox 248 705 398 780; x_wconf 80' lang='lat' dir='ltr'>Utrimque</span> <span class='ocrx_word' id='word_1_36' title='bbox 418 705 544 762; x_wconf 87' lang='lat' dir='ltr'>clamore</span> <span class='ocrx_word' id='word_1_37' title='bbox 564 707 686 777; x_wconf 79' lang='lat' dir='ltr'>sublato,</span> <span class='ocrx_word' id='word_1_38' title='bbox 701 706 807 781; x_wconf 88' lang='lat' dir='ltr'>excipit</span> <span class='ocrx_word' id='word_1_39' title='bbox 825 724 924 762; x_wconf 91' lang='lat' dir='ltr'>rursus</span> <span class='ocrx_word' id='word_1_40' title='bbox 939 723 974 762; x_wconf 80' lang='lat' dir='ltr'>ex</span> <span class='ocrx_word' id='word_1_41' title='bbox 987 705 1062 760; x_wconf 88' lang='lat' dir='ltr'>vallo</span> <span class='ocrx_word' id='word_1_42' title='bbox 1076 716 1160 778; x_wconf 85' lang='lat' dir='ltr'>atque</span> 
     </span>
     <span class='ocr_line' id='line_1_6' title="bbox 122 795 1161 871; baseline -0.001 -18"><span class='ocrx_word' id='word_1_43' title='bbox 122 797 267 853; x_wconf 84' lang='lat' dir='ltr'>omnibus</span> <span class='ocrx_word' id='word_1_44' title='bbox 293 796 503 854; x_wconf 88' lang='lat' dir='ltr'>munitionibus</span> <span class='ocrx_word' id='word_1_45' title='bbox 529 797 645 854; x_wconf 84' lang='lat' dir='ltr'>clamor.</span> <span class='ocrx_word' id='word_1_46' title='bbox 686 797 797 866; x_wconf 89' lang='lat' dir='ltr'>Nostri,</span> <span class='ocrx_word' id='word_1_47' title='bbox 821 796 934 852; x_wconf 89' lang='lat' dir='ltr'>omissis</span> <span class='ocrx_word' id='word_1_48' title='bbox 960 795 1036 870; x_wconf 89' lang='lat' dir='ltr'>pilis,</span> <span class='ocrx_word' id='word_1_49' title='bbox 1057 795 1161 871; x_wconf 76' lang='lat' dir='ltr'>gladiis</span> 
     </span>
     <span class='ocr_line' id='line_1_7' title="bbox 122 885 1160 965; baseline -0.002 -21"><span class='ocrx_word' id='word_1_50' title='bbox 122 905 194 965; x_wconf 80' lang='lat' dir='ltr'>rem</span> <span class='ocrx_word' id='word_1_51' title='bbox 208 897 319 964; x_wconf 86' lang='lat' dir='ltr'>gerunt.</span> <span class='ocrx_word' id='word_1_52' title='bbox 361 885 496 962; x_wconf 75' lang='lat' dir='ltr'>Repente</span> <span class='ocrx_word' id='word_1_53' title='bbox 510 898 574 960; x_wconf 89' lang='lat' dir='ltr'>post</span> <span class='ocrx_word' id='word_1_54' title='bbox 588 898 700 964; x_wconf 86' lang='lat' dir='ltr'>tergum</span> <span class='ocrx_word' id='word_1_55' title='bbox 715 888 858 960; x_wconf 83' lang='lat' dir='ltr'>equitatus</span> <span class='ocrx_word' id='word_1_56' title='bbox 869 887 1012 943; x_wconf 89' lang='lat' dir='ltr'>cernitur:</span> <span class='ocrx_word' id='word_1_57' title='bbox 1027 887 1160 942; x_wconf 83' lang='lat' dir='ltr'>cohortes</span> 
     </span>
     <span class='ocr_line' id='line_1_8' title="bbox 125 977 1161 1053; baseline -0.002 -19"><span class='ocrx_word' id='word_1_58' title='bbox 125 979 195 1035; x_wconf 74' lang='lat' dir='ltr'>alias</span> <span class='ocrx_word' id='word_1_59' title='bbox 217 979 461 1053; x_wconf 85' lang='lat' dir='ltr'>appropinquant:</span> <span class='ocrx_word' id='word_1_60' title='bbox 483 977 579 1034; x_wconf 86' lang='lat' dir='ltr'>hostes</span> <span class='ocrx_word' id='word_1_61' title='bbox 599 989 681 1053; x_wconf 88' lang='lat' dir='ltr'>terga</span> <span class='ocrx_word' id='word_1_62' title='bbox 700 988 830 1034; x_wconf 86' lang='lat' dir='ltr'>vertunt:</span> <span class='ocrx_word' id='word_1_63' title='bbox 853 977 1029 1053; x_wconf 87' lang='lat' dir='ltr'>fugientibus</span> <span class='ocrx_word' id='word_1_64' title='bbox 1049 977 1161 1049; x_wconf 84' lang='lat' dir='ltr'>equites</span> 
     </span>
     <span class='ocr_line' id='line_1_9' title="bbox 125 1067 1161 1144; baseline -0.002 -20"><span class='ocrx_word' id='word_1_65' title='bbox 125 1079 302 1125; x_wconf 88' lang='lat' dir='ltr'>occurrunt:</span> <span class='ocrx_word' id='word_1_66' title='bbox 318 1068 349 1124; x_wconf 89' lang='lat' dir='ltr'>lit</span> <span class='ocrx_word' id='word_1_67' title='bbox 361 1087 465 1144; x_wconf 86' lang='lat' dir='ltr'>magna</span> <span class='ocrx_word' id='word_1_68' title='bbox 475 1068 578 1125; x_wconf 83' lang='lat' dir='ltr'>caedes.</span> <span class='ocrx_word' id='word_1_69' title='bbox 620 1068 766 1139; x_wconf 88' lang='lat' dir='ltr'>Sedulius,</span> <span class='ocrx_word' id='word_1_70' title='bbox 779 1069 836 1124; x_wconf 83' lang='lat' dir='ltr'>dux</span> <span class='ocrx_word' id='word_1_71' title='bbox 850 1079 878 1124; x_wconf 93' lang='lat' dir='ltr'>et</span> <span class='ocrx_word' id='word_1_72' title='bbox 892 1068 1026 1144; x_wconf 88' lang='lat' dir='ltr'>princeps</span> <span class='ocrx_word' id='word_1_73' title='bbox 1040 1067 1161 1123; x_wconf 87' lang='lat' dir='ltr'>Lemov-</span> 
     </span>
     <span class='ocr_line' id='line_1_10' title="bbox 127 1158 1161 1236; baseline -0.003 -20"><span class='ocrx_word' id='word_1_74' title='bbox 127 1158 221 1229; x_wconf 86' lang='lat' dir='ltr'>icum,</span> <span class='ocrx_word' id='word_1_75' title='bbox 242 1159 403 1216; x_wconf 86' lang='lat' dir='ltr'>occiditur:</span> <span class='ocrx_word' id='word_1_76' title='bbox 424 1159 659 1236; x_wconf 90' lang='lat' dir='ltr'>Vergasillaunus</span> <span class='ocrx_word' id='word_1_77' title='bbox 679 1159 828 1216; x_wconf 88' lang='lat' dir='ltr'>Arvernus</span> <span class='ocrx_word' id='word_1_78' title='bbox 849 1160 928 1216; x_wconf 89' lang='lat' dir='ltr'>vivus</span> <span class='ocrx_word' id='word_1_79' title='bbox 950 1160 980 1215; x_wconf 92' lang='lat' dir='ltr'>in</span> <span class='ocrx_word' id='word_1_80' title='bbox 1001 1159 1069 1234; x_wconf 75' lang='lat' dir='ltr'>fugai</span> <span class='ocrx_word' id='word_1_81' title='bbox 1085 1176 1161 1214; x_wconf 91' lang='lat' dir='ltr'>com-</span> 
     </span>
     <span class='ocr_line' id='line_1_11' title="bbox 127 1249 1158 1326; baseline 0.002 -22"><span class='ocrx_word' id='word_1_82' title='bbox 127 1249 337 1326; x_wconf 85' lang='lat' dir='ltr'>prehenditur:</span> <span class='ocrx_word' id='word_1_83' title='bbox 358 1249 442 1326; x_wconf 90' lang='lat' dir='ltr'>signa</span> <span class='ocrx_word' id='word_1_84' title='bbox 464 1251 598 1308; x_wconf 91' lang='lat' dir='ltr'>militaria</span> <span class='ocrx_word' id='word_1_85' title='bbox 611 1250 743 1308; x_wconf 90' lang='lat' dir='ltr'>LXXIV</span> <span class='ocrx_word' id='word_1_86' title='bbox 767 1250 802 1306; x_wconf 94' lang='lat' dir='ltr'>ad</span> <span class='ocrx_word' id='word_1_87' title='bbox 817 1251 960 1307; x_wconf 80' lang='lat' dir='ltr'>Caesarem</span> <span class='ocrx_word' id='word_1_88' title='bbox 976 1249 1158 1306; x_wconf 87' lang='lat' dir='ltr'>reseruntur:</span> 
     </span>
     <span class='ocr_line' id='line_1_12' title="bbox 128 1335 1162 1416; baseline 0.002 -21"><span class='ocrx_word' id='word_1_89' title='bbox 128 1340 220 1414; x_wconf 83' lang='lat' dir='ltr'>pauci</span> <span class='ocrx_word' id='word_1_90' title='bbox 234 1359 269 1397; x_wconf 85' lang='lat' dir='ltr'>ex</span> <span class='ocrx_word' id='word_1_91' title='bbox 281 1351 362 1398; x_wconf 89' lang='lat' dir='ltr'>tanto</span> <span class='ocrx_word' id='word_1_92' title='bbox 381 1359 502 1398; x_wconf 88' lang='lat' dir='ltr'>numero</span> <span class='ocrx_word' id='word_1_93' title='bbox 515 1361 545 1400; x_wconf 89' lang='lat' dir='ltr'>se</span> <span class='ocrx_word' id='word_1_94' title='bbox 560 1342 719 1400; x_wconf 82' lang='lat' dir='ltr'>incolumes</span> <span class='ocrx_word' id='word_1_95' title='bbox 733 1342 763 1399; x_wconf 94' lang='lat' dir='ltr'>in</span> <span class='ocrx_word' id='word_1_96' title='bbox 778 1335 872 1399; x_wconf 80' lang='lat' dir='ltr'>castra</span> <span class='ocrx_word' id='word_1_97' title='bbox 891 1341 1042 1416; x_wconf 86' lang='lat' dir='ltr'>recipiunt.</span> <span class='ocrx_word' id='word_1_98' title='bbox 1085 1341 1162 1397; x_wconf 88' lang='lat' dir='ltr'>Con·</span> 
     </span>
     <span class='ocr_line' id='line_1_13' title="bbox 128 1430 1160 1510; baseline 0.003 -24"><span class='ocrx_word' id='word_1_99' title='bbox 128 1430 234 1505; x_wconf 88' lang='lat' dir='ltr'>spicati</span> <span class='ocrx_word' id='word_1_100' title='bbox 261 1450 297 1488; x_wconf 86' lang='lat' dir='ltr'>ex</span> <span class='ocrx_word' id='word_1_101' title='bbox 319 1431 424 1506; x_wconf 92' lang='lat' dir='ltr'>oppido</span> <span class='ocrx_word' id='word_1_102' title='bbox 451 1432 559 1490; x_wconf 78' lang='lat' dir='ltr'>cadem</span> <span class='ocrx_word' id='word_1_103' title='bbox 583 1444 613 1490; x_wconf 88' lang='lat' dir='ltr'>et</span> <span class='ocrx_word' id='word_1_104' title='bbox 633 1433 730 1510; x_wconf 83' lang='lat' dir='ltr'>lugam</span> <span class='ocrx_word' id='word_1_105' title='bbox 745 1453 871 1504; x_wconf 91' lang='lat' dir='ltr'>suorum,</span> <span class='ocrx_word' id='word_1_106' title='bbox 886 1433 1036 1508; x_wconf 72' lang='lat' dir='ltr'>desperata</span> <span class='ocrx_word' id='word_1_107' title='bbox 1059 1433 1160 1500; x_wconf 86' lang='lat' dir='ltr'>salute,</span> 
     </span>
     <span class='ocr_line' id='line_1_14' title="bbox 132 1521 1160 1600; baseline 0.002 -22"><span class='ocrx_word' id='word_1_108' title='bbox 132 1521 234 1597; x_wconf 80' lang='lat' dir='ltr'>eopias</span> <span class='ocrx_word' id='word_1_109' title='bbox 249 1541 265 1578; x_wconf 89' lang='lat' dir='ltr'>a</span> <span class='ocrx_word' id='word_1_110' title='bbox 279 1522 484 1580; x_wconf 88' lang='lat' dir='ltr'>munitionibus</span> <span class='ocrx_word' id='word_1_111' title='bbox 504 1524 653 1581; x_wconf 90' lang='lat' dir='ltr'>reducunt.</span> <span class='ocrx_word' id='word_1_112' title='bbox 696 1524 745 1580; x_wconf 84' lang='lat' dir='ltr'>Fit</span> <span class='ocrx_word' id='word_1_113' title='bbox 768 1526 908 1600; x_wconf 89' lang='lat' dir='ltr'>protinus,</span> <span class='ocrx_word' id='word_1_114' title='bbox 923 1525 978 1580; x_wconf 88' lang='lat' dir='ltr'>hac</span> <span class='ocrx_word' id='word_1_115' title='bbox 998 1543 1030 1581; x_wconf 92' lang='lat' dir='ltr'>re</span> <span class='ocrx_word' id='word_1_116' title='bbox 1052 1525 1160 1594; x_wconf 74' lang='lat' dir='ltr'>audita,</span> 
     </span>
     <span class='ocr_line' id='line_1_15' title="bbox 128 1613 1161 1690; baseline 0 -20"><span class='ocrx_word' id='word_1_117' title='bbox 128 1631 171 1670; x_wconf 83' lang='lat' dir='ltr'>ex</span> <span class='ocrx_word' id='word_1_118' title='bbox 184 1613 285 1670; x_wconf 88' lang='lat' dir='ltr'>castris</span> <span class='ocrx_word' id='word_1_119' title='bbox 297 1614 445 1670; x_wconf 79' lang='lat' dir='ltr'>Gallorum</span> <span class='ocrx_word' id='word_1_120' title='bbox 460 1615 535 1690; x_wconf 88' lang='lat' dir='ltr'>suga.</span> <span class='ocrx_word' id='word_1_121' title='bbox 576 1613 667 1674; x_wconf 76' lang='lat' dir='ltr'>Quod</span> <span class='ocrx_word' id='word_1_122' title='bbox 681 1615 737 1672; x_wconf 91' lang='lat' dir='ltr'>nisi</span> <span class='ocrx_word' id='word_1_123' title='bbox 752 1616 860 1672; x_wconf 87' lang='lat' dir='ltr'>crebris</span> <span class='ocrx_word' id='word_1_124' title='bbox 874 1615 1010 1671; x_wconf 88' lang='lat' dir='ltr'>subsidiis</span> <span class='ocrx_word' id='word_1_125' title='bbox 1025 1633 1059 1670; x_wconf 89' lang='lat' dir='ltr'>ac</span> <span class='ocrx_word' id='word_1_126' title='bbox 1075 1615 1161 1670; x_wconf 89' lang='lat' dir='ltr'>totius</span> 
     </span>
     <span class='ocr_line' id='line_1_16' title="bbox 129 1704 1161 1778; baseline 0 -18"><span class='ocrx_word' id='word_1_127' title='bbox 129 1704 192 1761; x_wconf 91' lang='lat' dir='ltr'>diei</span> <span class='ocrx_word' id='word_1_128' title='bbox 209 1705 306 1762; x_wconf 83' lang='lat' dir='ltr'>labore</span> <span class='ocrx_word' id='word_1_129' title='bbox 325 1705 431 1762; x_wconf 90' lang='lat' dir='ltr'>milites</span> <span class='ocrx_word' id='word_1_130' title='bbox 445 1705 565 1762; x_wconf 86' lang='lat' dir='ltr'>luissent</span> <span class='ocrx_word' id='word_1_131' title='bbox 579 1705 692 1775; x_wconf 82' lang='lat' dir='ltr'>defessi,</span> <span class='ocrx_word' id='word_1_132' title='bbox 707 1725 807 1762; x_wconf 88' lang='lat' dir='ltr'>omnes</span> <span class='ocrx_word' id='word_1_133' title='bbox 821 1705 944 1762; x_wconf 90' lang='lat' dir='ltr'>hostium</span> <span class='ocrx_word' id='word_1_134' title='bbox 966 1705 1057 1778; x_wconf 76' lang='lat' dir='ltr'>copim</span> <span class='ocrx_word' id='word_1_135' title='bbox 1072 1704 1161 1760; x_wconf 90' lang='lat' dir='ltr'>deleri</span> 
     </span>
     <span class='ocr_line' id='line_1_17' title="bbox 130 1794 1161 1870; baseline -0.001 -19"><span class='ocrx_word' id='word_1_136' title='bbox 130 1795 302 1870; x_wconf 86' lang='lat' dir='ltr'>potuissent.</span> <span class='ocrx_word' id='word_1_137' title='bbox 357 1795 403 1852; x_wconf 90' lang='lat' dir='ltr'>De</span> <span class='ocrx_word' id='word_1_138' title='bbox 429 1795 525 1852; x_wconf 70' lang='lat' dir='ltr'>medii</span> <span class='ocrx_word' id='word_1_139' title='bbox 552 1805 638 1852; x_wconf 88' lang='lat' dir='ltr'>nocte</span> <span class='ocrx_word' id='word_1_140' title='bbox 665 1795 768 1852; x_wconf 84' lang='lat' dir='ltr'>missus</span> <span class='ocrx_word' id='word_1_141' title='bbox 799 1795 941 1868; x_wconf 87' lang='lat' dir='ltr'>equitatus</span> <span class='ocrx_word' id='word_1_142' title='bbox 976 1794 1161 1850; x_wconf 88' lang='lat' dir='ltr'>novissimum</span> 
     </span>
     <span class='ocr_line' id='line_1_18' title="bbox 134 1883 1160 1962; baseline 0 -20"><span class='ocrx_word' id='word_1_143' title='bbox 134 1903 240 1960; x_wconf 83' lang='lat' dir='ltr'>agmen</span> <span class='ocrx_word' id='word_1_144' title='bbox 253 1886 452 1960; x_wconf 88' lang='lat' dir='ltr'>consequitur:</span> <span class='ocrx_word' id='word_1_145' title='bbox 465 1905 587 1962; x_wconf 87' lang='lat' dir='ltr'>magnus</span> <span class='ocrx_word' id='word_1_146' title='bbox 600 1905 737 1942; x_wconf 90' lang='lat' dir='ltr'>numerus</span> <span class='ocrx_word' id='word_1_147' title='bbox 752 1886 863 1960; x_wconf 85' lang='lat' dir='ltr'>capitur</span> <span class='ocrx_word' id='word_1_148' title='bbox 876 1897 960 1960; x_wconf 89' lang='lat' dir='ltr'>atque</span> <span class='ocrx_word' id='word_1_149' title='bbox 974 1883 1160 1942; x_wconf 85' lang='lat' dir='ltr'>interficitur:</span> 
     </span>
     <span class='ocr_line' id='line_1_19' title="bbox 130 1976 732 2053; baseline 0.003 -21"><span class='ocrx_word' id='word_1_150' title='bbox 130 1976 236 2049; x_wconf 88' lang='lat' dir='ltr'>reliqui</span> <span class='ocrx_word' id='word_1_151' title='bbox 252 1995 287 2033; x_wconf 82' lang='lat' dir='ltr'>ex</span> <span class='ocrx_word' id='word_1_152' title='bbox 303 1977 370 2053; x_wconf 70' lang='lat' dir='ltr'>lugi</span> <span class='ocrx_word' id='word_1_153' title='bbox 385 1977 414 2033; x_wconf 92' lang='lat' dir='ltr'>in</span> <span class='ocrx_word' id='word_1_154' title='bbox 429 1977 559 2034; x_wconf 86' lang='lat' dir='ltr'>civitates</span> <span class='ocrx_word' id='word_1_155' title='bbox 573 1977 732 2034; x_wconf 83' lang='lat' dir='ltr'>discedunt.</span> 
     </span>
    </p>

    <p class='ocr_par' dir='ltr' id='par_1_3' title="bbox 8 2064 1163 3029">
     <span class='ocr_line' id='line_1_20' title="bbox 8 2064 1160 2145; baseline 0.001 -22"><span class='ocrx_word' id='word_1_156' title='bbox 8 2105 10 2141; x_wconf 71' lang='lat'>,</span> <span class='ocrx_word' id='word_1_157' title='bbox 104 2064 346 2133; x_wconf 55' lang='lat' dir='ltr'>§LXXXIX</span> <span class='ocrx_word' id='word_1_158' title='bbox 368 2067 486 2126; x_wconf 89' lang='lat' dir='ltr'>Postero</span> <span class='ocrx_word' id='word_1_159' title='bbox 515 2068 562 2126; x_wconf 92' lang='lat' dir='ltr'>die</span> <span class='ocrx_word' id='word_1_160' title='bbox 583 2067 813 2145; x_wconf 86' lang='lat' dir='ltr'>Vercingetorix,</span> <span class='ocrx_word' id='word_1_161' title='bbox 842 2067 967 2124; x_wconf 89' lang='lat' dir='ltr'>concilio</span> <span class='ocrx_word' id='word_1_162' title='bbox 993 2078 1160 2135; x_wconf 88' lang='lat' dir='ltr'>convocato,</span> 
     </span>
     <span class='ocr_line' id='line_1_21' title="bbox 132 2155 1161 2234; baseline 0 -20"><span class='ocrx_word' id='word_1_163' title='bbox 132 2155 184 2214; x_wconf 87' lang='lat' dir='ltr'>‘id</span> <span class='ocrx_word' id='word_1_164' title='bbox 199 2175 230 2214; x_wconf 91' lang='lat' dir='ltr'>se</span> <span class='ocrx_word' id='word_1_165' title='bbox 254 2159 359 2216; x_wconf 92' lang='lat' dir='ltr'>bellum</span> <span class='ocrx_word' id='word_1_166' title='bbox 381 2159 542 2234; x_wconf 86' lang='lat' dir='ltr'>suscepisse</span> <span class='ocrx_word' id='word_1_167' title='bbox 566 2179 624 2216; x_wconf 92' lang='lat' dir='ltr'>non</span> <span class='ocrx_word' id='word_1_168' title='bbox 649 2179 765 2216; x_wconf 90' lang='lat' dir='ltr'>suarum</span> <span class='ocrx_word' id='word_1_169' title='bbox 789 2159 1002 2229; x_wconf 88' lang='lat' dir='ltr'>necessitatum,</span> <span class='ocrx_word' id='word_1_170' title='bbox 1017 2158 1067 2216; x_wconf 90' lang='lat' dir='ltr'>sed</span> <span class='ocrx_word' id='word_1_171' title='bbox 1085 2178 1161 2214; x_wconf 82' lang='lat' dir='ltr'>cour·</span> 
     </span>
     <span class='ocr_line' id='line_1_22' title="bbox 131 2247 1160 2324; baseline -0.002 -18"><span class='ocrx_word' id='word_1_172' title='bbox 131 2247 231 2306; x_wconf 86' lang='lat' dir='ltr'>munis</span> <span class='ocrx_word' id='word_1_173' title='bbox 252 2248 392 2306; x_wconf 89' lang='lat' dir='ltr'>libertatis</span> <span class='ocrx_word' id='word_1_174' title='bbox 414 2251 518 2308; x_wconf 72' lang='lat' dir='ltr'>causb&#39;</span> <span class='ocrx_word' id='word_1_175' title='bbox 541 2250 736 2308; x_wconf 88' lang='lat' dir='ltr'>demonstrat:</span> <span class='ocrx_word' id='word_1_176' title='bbox 759 2258 817 2320; x_wconf 84' lang='lat' dir='ltr'>‘et,</span> <span class='ocrx_word' id='word_1_177' title='bbox 839 2251 974 2324; x_wconf 88' lang='lat' dir='ltr'>quoniam</span> <span class='ocrx_word' id='word_1_178' title='bbox 990 2251 1026 2306; x_wconf 90' lang='lat' dir='ltr'>sit</span> <span class='ocrx_word' id='word_1_179' title='bbox 1041 2250 1160 2305; x_wconf 79' lang='lat' dir='ltr'>fortunae</span> 
     </span>
     <span class='ocr_line' id='line_1_23' title="bbox 132 2339 1160 2416; baseline -0.002 -19"><span class='ocrx_word' id='word_1_180' title='bbox 132 2339 308 2412; x_wconf 83' lang='lat' dir='ltr'>cedendum,</span> <span class='ocrx_word' id='word_1_181' title='bbox 325 2341 359 2398; x_wconf 91' lang='lat' dir='ltr'>ad</span> <span class='ocrx_word' id='word_1_182' title='bbox 380 2353 532 2416; x_wconf 86' lang='lat' dir='ltr'>utramque</span> <span class='ocrx_word' id='word_1_183' title='bbox 559 2360 619 2397; x_wconf 88' lang='lat' dir='ltr'>rem</span> <span class='ocrx_word' id='word_1_184' title='bbox 647 2361 677 2397; x_wconf 88' lang='lat' dir='ltr'>se</span> <span class='ocrx_word' id='word_1_185' title='bbox 705 2342 761 2396; x_wconf 91' lang='lat' dir='ltr'>illis</span> <span class='ocrx_word' id='word_1_186' title='bbox 787 2341 898 2410; x_wconf 83' lang='lat' dir='ltr'>offerre,</span> <span class='ocrx_word' id='word_1_187' title='bbox 913 2360 964 2396; x_wconf 82' lang='lat' dir='ltr'>seu</span> <span class='ocrx_word' id='word_1_188' title='bbox 991 2351 1082 2396; x_wconf 91' lang='lat' dir='ltr'>morte</span> <span class='ocrx_word' id='word_1_189' title='bbox 1109 2341 1160 2396; x_wconf 78' lang='lat' dir='ltr'>susi</span> 
     </span>
     <span class='ocr_line' id='line_1_24' title="bbox 131 2429 1161 2499; baseline -0.005 -11"><span class='ocrx_word' id='word_1_190' title='bbox 131 2431 277 2488; x_wconf 84' lang='lat' dir='ltr'>Romanis</span> <span class='ocrx_word' id='word_1_191' title='bbox 301 2431 475 2499; x_wconf 80' lang='lat' dir='ltr'>satisfacere,</span> <span class='ocrx_word' id='word_1_192' title='bbox 490 2448 540 2485; x_wconf 88' lang='lat' dir='ltr'>seu</span> <span class='ocrx_word' id='word_1_193' title='bbox 561 2431 654 2485; x_wconf 90' lang='lat' dir='ltr'>vivum</span> <span class='ocrx_word' id='word_1_194' title='bbox 676 2430 788 2485; x_wconf 88' lang='lat' dir='ltr'>tradere</span> <span class='ocrx_word' id='word_1_195' title='bbox 810 2431 914 2487; x_wconf 66' lang='lat' dir='ltr'>velint)</span> <span class='ocrx_word' id='word_1_196' title='bbox 958 2429 1111 2484; x_wconf 88' lang='lat' dir='ltr'>Mittuntur</span> <span class='ocrx_word' id='word_1_197' title='bbox 1126 2430 1161 2484; x_wconf 91' lang='lat' dir='ltr'>de</span> 
     </span>
     <span class='ocr_line' id='line_1_25' title="bbox 132 2518 1163 2591; baseline -0.006 -13"><span class='ocrx_word' id='word_1_198' title='bbox 132 2522 181 2578; x_wconf 91' lang='lat' dir='ltr'>his</span> <span class='ocrx_word' id='word_1_199' title='bbox 206 2522 293 2576; x_wconf 86' lang='lat' dir='ltr'>rebus</span> <span class='ocrx_word' id='word_1_200' title='bbox 321 2519 355 2574; x_wconf 90' lang='lat' dir='ltr'>ad</span> <span class='ocrx_word' id='word_1_201' title='bbox 382 2519 526 2574; x_wconf 82' lang='lat' dir='ltr'>Caesarem</span> <span class='ocrx_word' id='word_1_202' title='bbox 553 2518 647 2591; x_wconf 84' lang='lat' dir='ltr'>legati.</span> <span class='ocrx_word' id='word_1_203' title='bbox 690 2519 777 2574; x_wconf 88' lang='lat' dir='ltr'>Jubet</span> <span class='ocrx_word' id='word_1_204' title='bbox 806 2539 883 2574; x_wconf 89' lang='lat' dir='ltr'>arma</span> <span class='ocrx_word' id='word_1_205' title='bbox 910 2519 993 2586; x_wconf 86' lang='lat' dir='ltr'>tradi,</span> <span class='ocrx_word' id='word_1_206' title='bbox 1018 2518 1163 2591; x_wconf 88' lang='lat' dir='ltr'>principes</span> 
     </span>
     <span class='ocr_line' id='line_1_26' title="bbox 131 2605 1163 2687; baseline -0.005 -20"><span class='ocrx_word' id='word_1_207' title='bbox 131 2609 265 2687; x_wconf 89' lang='lat' dir='ltr'>produci.</span> <span class='ocrx_word' id='word_1_208' title='bbox 306 2607 371 2682; x_wconf 91' lang='lat' dir='ltr'>Ipse</span> <span class='ocrx_word' id='word_1_209' title='bbox 395 2609 425 2663; x_wconf 91' lang='lat' dir='ltr'>in</span> <span class='ocrx_word' id='word_1_210' title='bbox 449 2607 608 2662; x_wconf 88' lang='lat' dir='ltr'>munitione</span> <span class='ocrx_word' id='word_1_211' title='bbox 631 2625 683 2680; x_wconf 93' lang='lat' dir='ltr'>pro</span> <span class='ocrx_word' id='word_1_212' title='bbox 705 2608 806 2664; x_wconf 83' lang='lat' dir='ltr'>castris</span> <span class='ocrx_word' id='word_1_213' title='bbox 833 2607 981 2664; x_wconf 86' lang='lat' dir='ltr'>consedit:</span> <span class='ocrx_word' id='word_1_214' title='bbox 1016 2605 1051 2663; x_wconf 80' lang='lat' dir='ltr'>eb</span> <span class='ocrx_word' id='word_1_215' title='bbox 1074 2607 1163 2662; x_wconf 88' lang='lat' dir='ltr'>duces</span> 
     </span>
     <span class='ocr_line' id='line_1_27' title="bbox 132 2696 1163 2778; baseline -0.004 -21"><span class='ocrx_word' id='word_1_216' title='bbox 132 2701 351 2778; x_wconf 88' lang='lat' dir='ltr'>producuntur:</span> <span class='ocrx_word' id='word_1_217' title='bbox 382 2696 602 2772; x_wconf 85' lang='lat' dir='ltr'>Vercingetorix</span> <span class='ocrx_word' id='word_1_218' title='bbox 625 2696 748 2766; x_wconf 86' lang='lat' dir='ltr'>deditur,</span> <span class='ocrx_word' id='word_1_219' title='bbox 765 2716 842 2753; x_wconf 88' lang='lat' dir='ltr'>arma</span> <span class='ocrx_word' id='word_1_220' title='bbox 865 2697 1062 2772; x_wconf 87' lang='lat' dir='ltr'>projiciuntur.</span> <span class='ocrx_word' id='word_1_221' title='bbox 1104 2697 1163 2753; x_wconf 87' lang='lat' dir='ltr'>Re·</span> 
     </span>
     <span class='ocr_line' id='line_1_28' title="bbox 134 2787 1163 2863; baseline -0.003 -15"><span class='ocrx_word' id='word_1_222' title='bbox 134 2791 253 2849; x_wconf 86' lang='lat' dir='ltr'>servatis</span> <span class='ocrx_word' id='word_1_223' title='bbox 276 2789 381 2846; x_wconf 90' lang='lat' dir='ltr'>AEduis</span> <span class='ocrx_word' id='word_1_224' title='bbox 403 2799 487 2862; x_wconf 88' lang='lat' dir='ltr'>atque</span> <span class='ocrx_word' id='word_1_225' title='bbox 509 2787 655 2857; x_wconf 63' lang='lat' dir='ltr'>Arvernia</span> <span class='ocrx_word' id='word_1_226' title='bbox 671 2788 693 2844; x_wconf 93' lang='lat' dir='ltr'>si</span> <span class='ocrx_word' id='word_1_227' title='bbox 708 2807 760 2863; x_wconf 89' lang='lat' dir='ltr'>per</span> <span class='ocrx_word' id='word_1_228' title='bbox 773 2807 823 2845; x_wconf 91' lang='lat' dir='ltr'>eos</span> <span class='ocrx_word' id='word_1_229' title='bbox 843 2788 973 2844; x_wconf 88' lang='lat' dir='ltr'>civitates</span> <span class='ocrx_word' id='word_1_230' title='bbox 993 2806 1163 2862; x_wconf 91' lang='lat' dir='ltr'>recuperare</span> 
     </span>
     <span class='ocr_line' id='line_1_29' title="bbox 135 2879 1160 2957; baseline -0.002 -19"><span class='ocrx_word' id='word_1_231' title='bbox 135 2891 241 2957; x_wconf 89' lang='lat' dir='ltr'>posset,</span> <span class='ocrx_word' id='word_1_232' title='bbox 257 2899 292 2938; x_wconf 84' lang='lat' dir='ltr'>ex</span> <span class='ocrx_word' id='word_1_233' title='bbox 306 2881 423 2955; x_wconf 90' lang='lat' dir='ltr'>reliquis</span> <span class='ocrx_word' id='word_1_234' title='bbox 444 2879 563 2954; x_wconf 89' lang='lat' dir='ltr'>captivis</span> <span class='ocrx_word' id='word_1_235' title='bbox 587 2889 647 2936; x_wconf 93' lang='lat' dir='ltr'>toto</span> <span class='ocrx_word' id='word_1_236' title='bbox 661 2879 787 2936; x_wconf 85' lang='lat' dir='ltr'>exercitu</span> <span class='ocrx_word' id='word_1_237' title='bbox 811 2881 906 2956; x_wconf 89' lang='lat' dir='ltr'>capita</span> <span class='ocrx_word' id='word_1_238' title='bbox 923 2879 1035 2956; x_wconf 85' lang='lat' dir='ltr'>singula</span> <span class='ocrx_word' id='word_1_239' title='bbox 1058 2880 1160 2954; x_wconf 82' lang='lat' dir='ltr'>praedae</span> 
     </span>
     <span class='ocr_line' id='line_1_30' title="bbox 137 2972 419 3029; baseline 0 -1"><span class='ocrx_word' id='word_1_240' title='bbox 137 2973 253 3029; x_wconf 89' lang='lat' dir='ltr'>nomine</span> <span class='ocrx_word' id='word_1_241' title='bbox 268 2972 419 3028; x_wconf 89' lang='lat' dir='ltr'>distribuit.</span> 
     </span>
    </p>

    <p class='ocr_par' dir='ltr' id='par_1_4' title="bbox 134 3061 1163 3857">
     <span class='ocr_line' id='line_1_31' title="bbox 177 3061 1162 3136; baseline 0.002 -18"><span class='ocrx_word' id='word_1_242' title='bbox 177 3063 240 3119; x_wconf 86' lang='lat' dir='ltr'>XC.</span> <span class='ocrx_word' id='word_1_243' title='bbox 270 3063 325 3119; x_wconf 84' lang='lat' dir='ltr'>His</span> <span class='ocrx_word' id='word_1_244' title='bbox 339 3064 425 3119; x_wconf 88' lang='lat' dir='ltr'>rebus</span> <span class='ocrx_word' id='word_1_245' title='bbox 445 3061 594 3134; x_wconf 87' lang='lat' dir='ltr'>confectis,</span> <span class='ocrx_word' id='word_1_246' title='bbox 610 3062 639 3118; x_wconf 89' lang='lat' dir='ltr'>in</span> <span class='ocrx_word' id='word_1_247' title='bbox 658 3061 771 3118; x_wconf 86' lang='lat' dir='ltr'>AEduos</span> <span class='ocrx_word' id='word_1_248' title='bbox 786 3061 996 3136; x_wconf 88' lang='lat' dir='ltr'>proficiscitur;</span> <span class='ocrx_word' id='word_1_249' title='bbox 1018 3062 1162 3120; x_wconf 86' lang='lat' dir='ltr'>civitatem</span> 
     </span>
     <span class='ocr_line' id='line_1_32' title="bbox 135 3151 1163 3228; baseline 0.002 -20"><span class='ocrx_word' id='word_1_250' title='bbox 135 3152 245 3226; x_wconf 88' lang='lat' dir='ltr'>recipit.</span> <span class='ocrx_word' id='word_1_251' title='bbox 287 3151 331 3209; x_wconf 85' lang='grc' dir='ltr'>Εό</span> <span class='ocrx_word' id='word_1_252' title='bbox 346 3153 431 3228; x_wconf 85' lang='lat' dir='ltr'>legati</span> <span class='ocrx_word' id='word_1_253' title='bbox 445 3154 479 3208; x_wconf 90' lang='lat' dir='ltr'>ab</span> <span class='ocrx_word' id='word_1_254' title='bbox 491 3153 629 3210; x_wconf 87' lang='lat' dir='ltr'>Arvernis</span> <span class='ocrx_word' id='word_1_255' title='bbox 643 3153 732 3222; x_wconf 89' lang='lat' dir='ltr'>missi,</span> <span class='ocrx_word' id='word_1_256' title='bbox 744 3171 807 3226; x_wconf 85' lang='lat' dir='ltr'>quae</span> <span class='ocrx_word' id='word_1_257' title='bbox 820 3152 980 3226; x_wconf 84' lang='lat' dir='ltr'>imperaret,</span> <span class='ocrx_word' id='word_1_258' title='bbox 992 3171 1023 3209; x_wconf 90' lang='lat' dir='ltr'>se</span> <span class='ocrx_word' id='word_1_259' title='bbox 1037 3152 1163 3210; x_wconf 86' lang='lat' dir='ltr'>facturos</span> 
     </span>
     <span class='ocr_line' id='line_1_33' title="bbox 134 3242 1162 3320; baseline 0.004 -22"><span class='ocrx_word' id='word_1_260' title='bbox 134 3242 314 3318; x_wconf 87' lang='lat' dir='ltr'>pollicentur.</span> <span class='ocrx_word' id='word_1_261' title='bbox 356 3243 481 3318; x_wconf 88' lang='lat' dir='ltr'>Imperat</span> <span class='ocrx_word' id='word_1_262' title='bbox 507 3263 643 3318; x_wconf 87' lang='lat' dir='ltr'>magnum</span> <span class='ocrx_word' id='word_1_263' title='bbox 664 3261 814 3300; x_wconf 91' lang='lat' dir='ltr'>numerum</span> <span class='ocrx_word' id='word_1_264' title='bbox 835 3242 977 3300; x_wconf 90' lang='lat' dir='ltr'>obsidum.</span> <span class='ocrx_word' id='word_1_265' title='bbox 1019 3243 1162 3320; x_wconf 85' lang='lat' dir='ltr'>Legiones</span> 
     </span>
     <span class='ocr_line' id='line_1_34' title="bbox 135 3333 1163 3406; baseline 0.004 -18"><span class='ocrx_word' id='word_1_266' title='bbox 135 3333 166 3388; x_wconf 93' lang='lat' dir='ltr'>in</span> <span class='ocrx_word' id='word_1_267' title='bbox 179 3333 298 3389; x_wconf 84' lang='lat' dir='ltr'>hiberna</span> <span class='ocrx_word' id='word_1_268' title='bbox 313 3333 415 3389; x_wconf 88' lang='lat' dir='ltr'>mittit:</span> <span class='ocrx_word' id='word_1_269' title='bbox 442 3334 618 3406; x_wconf 88' lang='lat' dir='ltr'>captivorum</span> <span class='ocrx_word' id='word_1_270' title='bbox 633 3334 748 3390; x_wconf 89' lang='lat' dir='ltr'>circiter</span> <span class='ocrx_word' id='word_1_271' title='bbox 762 3333 824 3390; x_wconf 94' lang='lat' dir='ltr'>XX</span> <span class='ocrx_word' id='word_1_272' title='bbox 838 3334 927 3390; x_wconf 92' lang='lat' dir='ltr'>millia</span> <span class='ocrx_word' id='word_1_273' title='bbox 941 3333 1045 3390; x_wconf 90' lang='lat' dir='ltr'>AEduis</span> <span class='ocrx_word' id='word_1_274' title='bbox 1059 3335 1163 3392; x_wconf 90' lang='lat' dir='ltr'>Arver-</span> 
     </span>
     <span class='ocr_line' id='line_1_35' title="bbox 134 3423 1162 3500; baseline 0.002 -20"><span class='ocrx_word' id='word_1_275' title='bbox 134 3423 238 3495; x_wconf 88' lang='lat' dir='ltr'>nisque</span> <span class='ocrx_word' id='word_1_276' title='bbox 251 3423 360 3480; x_wconf 88' lang='lat' dir='ltr'>reddit:</span> <span class='ocrx_word' id='word_1_277' title='bbox 382 3423 419 3479; x_wconf 88' lang='lat' dir='ltr'>T.</span> <span class='ocrx_word' id='word_1_278' title='bbox 436 3423 596 3479; x_wconf 88' lang='lat' dir='ltr'>Labienum</span> <span class='ocrx_word' id='word_1_279' title='bbox 612 3443 677 3480; x_wconf 88' lang='lat' dir='ltr'>cum</span> <span class='ocrx_word' id='word_1_280' title='bbox 693 3425 803 3481; x_wconf 88' lang='lat' dir='ltr'>duabus</span> <span class='ocrx_word' id='word_1_281' title='bbox 818 3425 979 3500; x_wconf 87' lang='lat' dir='ltr'>legionibus</span> <span class='ocrx_word' id='word_1_282' title='bbox 993 3435 1021 3481; x_wconf 93' lang='lat' dir='ltr'>et</span> <span class='ocrx_word' id='word_1_283' title='bbox 1034 3426 1162 3499; x_wconf 88' lang='lat' dir='ltr'>equitatu</span> 
     </span>
     <span class='ocr_line' id='line_1_36' title="bbox 136 3513 1162 3590; baseline 0 -21"><span class='ocrx_word' id='word_1_284' title='bbox 136 3513 165 3570; x_wconf 90' lang='lat' dir='ltr'>iu</span> <span class='ocrx_word' id='word_1_285' title='bbox 194 3514 344 3586; x_wconf 87' lang='lat' dir='ltr'>Sequanos</span> <span class='ocrx_word' id='word_1_286' title='bbox 355 3513 500 3588; x_wconf 87' lang='lat' dir='ltr'>proficisci</span> <span class='ocrx_word' id='word_1_287' title='bbox 525 3514 624 3589; x_wconf 88' lang='lat' dir='ltr'>jubet:</span> <span class='ocrx_word' id='word_1_288' title='bbox 653 3514 721 3572; x_wconf 88' lang='lat' dir='ltr'>huic</span> <span class='ocrx_word' id='word_1_289' title='bbox 742 3513 783 3572; x_wconf 89' lang='lat' dir='ltr'>M.</span> <span class='ocrx_word' id='word_1_290' title='bbox 806 3516 1008 3590; x_wconf 87' lang='lat' dir='ltr'>Sempronium</span> <span class='ocrx_word' id='word_1_291' title='bbox 1028 3514 1162 3571; x_wconf 86' lang='lat' dir='ltr'>Rutilum</span> 
     </span>
     <span class='ocr_line' id='line_1_37' title="bbox 136 3603 1162 3662; baseline -0.001 -4"><span class='ocrx_word' id='word_1_292' title='bbox 136 3603 284 3659; x_wconf 85' lang='lat' dir='ltr'>attribuit:</span> <span class='ocrx_word' id='word_1_293' title='bbox 313 3603 347 3660; x_wconf 82' lang='grc' dir='ltr'>Ο.</span> <span class='ocrx_word' id='word_1_294' title='bbox 363 3603 485 3659; x_wconf 83' lang='lat' dir='ltr'>Fabium</span> <span class='ocrx_word' id='word_1_295' title='bbox 512 3616 540 3660; x_wconf 90' lang='lat' dir='ltr'>et</span> <span class='ocrx_word' id='word_1_296' title='bbox 562 3605 595 3660; x_wconf 95' lang='lat' dir='ltr'>L.</span> <span class='ocrx_word' id='word_1_297' title='bbox 618 3603 782 3661; x_wconf 89' lang='lat' dir='ltr'>Minucium</span> <span class='ocrx_word' id='word_1_298' title='bbox 808 3605 935 3662; x_wconf 90' lang='lat' dir='ltr'>Basilum</span> <span class='ocrx_word' id='word_1_299' title='bbox 960 3623 1026 3660; x_wconf 89' lang='lat' dir='ltr'>cum</span> <span class='ocrx_word' id='word_1_300' title='bbox 1052 3604 1162 3659; x_wconf 86' lang='lat' dir='ltr'>duabus</span> 
     </span>
     <span class='ocr_line' id='line_1_38' title="bbox 136 3691 1163 3769; baseline -0.003 -19"><span class='ocrx_word' id='word_1_301' title='bbox 136 3693 298 3768; x_wconf 85' lang='lat' dir='ltr'>legionibus</span> <span class='ocrx_word' id='word_1_302' title='bbox 323 3693 352 3749; x_wconf 90' lang='lat' dir='ltr'>in</span> <span class='ocrx_word' id='word_1_303' title='bbox 367 3692 470 3748; x_wconf 85' lang='lat' dir='ltr'>Remis</span> <span class='ocrx_word' id='word_1_304' title='bbox 494 3694 626 3764; x_wconf 87' lang='lat' dir='ltr'>collocat,</span> <span class='ocrx_word' id='word_1_305' title='bbox 642 3713 778 3769; x_wconf 91' lang='lat' dir='ltr'>nequam</span> <span class='ocrx_word' id='word_1_306' title='bbox 803 3696 839 3750; x_wconf 91' lang='lat' dir='ltr'>ab</span> <span class='ocrx_word' id='word_1_307' title='bbox 860 3694 988 3750; x_wconf 88' lang='lat' dir='ltr'>finitimis</span> <span class='ocrx_word' id='word_1_308' title='bbox 1002 3691 1163 3750; x_wconf 88' lang='lat' dir='ltr'>Bellovacis</span> 
     </span>
     <span class='ocr_line' id='line_1_39' title="bbox 135 3781 1163 3857; baseline -0.003 -17"><span class='ocrx_word' id='word_1_309' title='bbox 135 3783 331 3840; x_wconf 88' lang='lat' dir='ltr'>calamitatem</span> <span class='ocrx_word' id='word_1_310' title='bbox 365 3782 516 3855; x_wconf 84' lang='lat' dir='ltr'>accipiant.</span> <span class='ocrx_word' id='word_1_311' title='bbox 559 3783 593 3839; x_wconf 87' lang='lat' dir='ltr'>C.</span> <span class='ocrx_word' id='word_1_312' title='bbox 617 3785 774 3842; x_wconf 87' lang='lat' dir='ltr'>Antistium</span> <span class='ocrx_word' id='word_1_313' title='bbox 803 3784 952 3857; x_wconf 85' lang='lat' dir='ltr'>Reginum</span> <span class='ocrx_word' id='word_1_314' title='bbox 986 3783 1016 3838; x_wconf 91' lang='lat' dir='ltr'>in</span> <span class='ocrx_word' id='word_1_315' title='bbox 1046 3781 1163 3839; x_wconf 74' lang='lat' dir='ltr'>Ambiv-</span> 
     </span>
    </p>
   </div>
   <div class='ocr_carea' id='block_1_3' title="bbox 0 0 1333 4272">
    <p class='ocr_par' dir='ltr' id='par_1_5' title="bbox 0 0 1333 4272">
     <span class='ocr_line' id='line_1_40' title="bbox 0 0 1333 4272; baseline 0 0"><span class='ocrx_word' id='word_1_316' title='bbox 0 0 1333 4272; x_wconf 95' lang='lat' dir='ltr'> </span> 
     </span>
    </p>
   </div>
  </div>
 </body>
</html>
