2578 4270
118 279 157 336 16
443 273 631 323 narrante
654 271 815 322 satureo
950 267 1028 336 [cn.
1044 269 1143 342 Μ

116 427 264 492 poteraut3
294 418 377 474 multi
398 427 440 486 ut,
463 413 512 474 did
533 416 642 491 jactato
662 415 791 484 brachie,
819 425 1011 488 praeoptarent
1034 426 1150 470 scutum
1210 441 1216 450 ·

116 517 204 564 mand
219 509 358 577 emittere,
373 522 402 564 et
416 509 494 564 nudo
509 525 627 580 corpore
642 524 779 582 pugnare.
822 505 967 574 Tandem,
984 506 1151 562 vulneribus

118 598 232 667 defessi,
248 612 276 656 et
290 600 392 673 pedem
410 600 526 668 referre,
541 609 579 668 et,
594 597 672 670 qubd
692 615 774 652 mons
795 596 910 652 suberat
931 597 1046 652 circiter
1071 597 1149 652 mille

117 707 263 764 passuum,
278 691 312 746 ed
328 707 358 745 se
373 691 501 764 recipere
515 699 671 762 coeperunt.
714 687 807 761 Capto
826 699 922 742 monte
943 699 972 742 et
992 688 1150 743 succeden-

118 779 195 836 tibus
212 780 330 858 “nostris,
346 779 409 835 Boii
431 791 459 836 et
482 778 615 854 Tulingi,
637 778 686 852 qui
711 778 860 833 bominum
884 778 1010 832 millibus
1032 778 1148 834 circiter

118 868 177 926 XV
193 889 295 945 agmen
311 870 433 926 hostiurn
449 869 630 939 claudebant,
645 880 674 925 et
688 868 850 924 novissimis
863 867 997 941 praesidio
1011 880 1100 937 erant,
1112 888 1149 924 ex

118 957 221 1016 itinere
236 972 346 1016 nostros
360 961 448 1018 latere
463 971 561 1034 aperto
576 960 713 1036 aggressi,
728 958 962 1015 circumvenire:
985 969 1013 1014 et
1034 959 1063 1014 id
1080 978 1149 1014 con-

118 1051 219 1123 spicati
237 1050 372 1120 Helvetii,
387 1052 434 1124 qui
451 1051 480 1106 in
500 1063 625 1121 montem
646 1068 709 1113 sese
730 1059 908 1122 receperant,
923 1068 1020 1105 rursus
1042 1051 1148 1106 instare

118 1151 146 1196 et
174 1142 304 1213 praelium
334 1141 708 1216 redintegrare'coeperunt.
751 1140 877 1196 Romani
904 1159 1042 1196 conversa
1065 1141 1149 1216 signa

119 1229 253 1302 bipartiti)
270 1231 443 1288 intulerunt:
466 1232 557 1306 prima
572 1250 605 1288 ac
620 1231 747 1286 secunda
769 1231 855 1300 acies,
872 1242 903 1286 ut
923 1231 1006 1286 victis
1028 1250 1062 1286 ac
1082 1233 1148 1288 sub-

119 1322 203 1378 motis
219 1321 378 1390 resisteret;
400 1322 493 1391 tertia,
508 1333 539 1378 ut
553 1322 700 1379 venientes
714 1321 867 1397 exciperet.

159 1409 272 1468 XXVl.
304 1411 346 1468 lta
360 1414 478 1488 ancipiti
492 1415 592 1489 proelio
612 1415 661 1472 diu
684 1426 768 1488 atque
790 1415 893 1470 acriter
913 1424 1071 1488 pugnatum
1094 1423 1145 1470 est.

119 1499 237 1559 Diutius
253 1522 341 1577 quum
357 1518 517 1560 nostrorum
541 1505 663 1580 impetus
684 1506 824 1561 sustinere
846 1524 903 1560 non
925 1517 1050 1579 possent,
1066 1505 1146 1560 alteri

119 1613 160 1662 se,
177 1610 206 1650 ut
221 1609 375 1668 creperum,
392 1596 420 1651 in
436 1609 560 1651 montem
575 1608 760 1670 receperunt;
784 1595 865 1651 alteri
887 1596 921 1651 ad
944 1595 1147 1670 impedimenta

120 1697 146 1740 et
163 1704 259 1740 carros
273 1706 339 1742 suos
353 1705 384 1742 se
398 1687 589 1742 contulerunt
632 1685 708 1742 Nam
724 1687 778 1742 boc
798 1698 858 1742 toto
878 1686 987 1761 proelio,
1002 1705 1088 1759 quum
1111 1687 1146 1742 ab

119 1775 187 1830 horai
203 1777 323 1849 sortitor
340 1778 373 1832 ad
390 1797 537 1851 vesperum
552 1789 709 1852 pugnatum
724 1779 770 1846 sit,
783 1797 910 1834 aversum
927 1777 1035 1833 hostem
1051 1777 1145 1832 videre

120 1881 204 1922 uerno
219 1871 316 1939 parnt
362 1869 406 1922 Ad
423 1869 538 1923 rnultarn
555 1881 667 1924 noctem
690 1869 774 1924 etiam
798 1869 831 1924 ad
854 1869 1057 1942 impedimenta
1077 1887 1145 1942 pug-

121 1971 217 2010 natum
233 1973 285 2022 est,
301 1971 448 2030 pmpterca
466 1958 540 2030 quod
557 1977 608 2031 pro
623 1959 695 2014 vallo
710 1978 806 2014 carros
820 1959 995 2033 objecerant,
1009 1971 1037 2014 et
1051 1977 1067 2014 e
1082 1959 1145 2014 loco

120 2051 265 2119 superiore
288 2049 315 2102 in
345 2062 454 2102 nostros
483 2049 628 2110 venientes
656 2050 711 2104 tela
736 2051 939 2124 conjiciebant,
962 2063 989 2106 et
1016 2049 1144 2104 nonnulli

121 2136 192 2192 inter
208 2157 303 2192 carros
320 2152 450 2212 natasque
466 2154 586 2196 mataras
608 2161 641 2197 ac
661 2141 787 2216 tragulas
807 2141 1008 2214 subjiciebant,
1024 2153 1145 2196 nostros·

121 2246 175 2300 que
204 2229 396 2286 vulnerabant.
442 2229 497 2286 [lib
526 2251 613 2304 quum
634 2245 713 2288 esset
738 2243 905 2306 pugnaturn,
935 2230 1145 2305 impedimentis

120 2321 277 2393 castrisque
293 2322 379 2377 nostri
396 2323 476 2398 potiti
490 2335 564 2378 sunt.
607 2322 650 2378 lbi
665 2321 846 2397 Orgetorigis
859 2321 925 2390 lilia,
942 2334 1026 2393 atque
1041 2341 1115 2378 unns
1130 2342 1145 2380 e

119 2409 185 2466 filiis
200 2425 300 2484 captus
314 2425 363 2468 est.
409 2413 450 2468 Ex
465 2432 500 2469 eo
514 2413 614 2487 proelio
628 2413 742 2470 circiter
758 2413 845 2468 millia
864 2411 1010 2468 bominum
1025 2411 1144 2470 CXXX

119 2502 329 2575 superfuerunt,
344 2503 435 2576 eatque
450 2505 508 2560 toti
525 2516 608 2560 nocte
623 2504 803 2560 continenter
819 2504 931 2560 ierunt:
954 2505 1062 2559 nullam
1084 2524 1145 2578 par-

118 2601 175 2649 tem
201 2595 293 2650 noctis
319 2594 419 2652 itinere
442 2595 612 2666 intermisso,
637 2596 762 2652 in-fines
783 2596 946 2670 Lingonum
971 2595 1145 2668 die0quarto

118 2701 317 2760 pervenerunt,
333 2707 420 2761 quum
435 2701 463 2745 et
477 2701 591 2763 propter
606 2688 722 2744 vulnera
738 2687 858 2742 militum
874 2699 902 2742 et
923 2697 1036 2760 propter
1055 2687 1146 2759 sepul·

118 2786 210 2831 turam
225 2779 386 2833 occisorum
408 2780 506 2848 nostri,
522 2779 647 2834 triduum
670 2777 781 2845 morati,
796 2795 845 2831 eos
866 2778 946 2849 sequi
969 2797 1026 2832 non
1040 2778 1145 2851 potuis·

119 2879 190 2922 trent.
232 2866 329 2922 Caesar
355 2868 388 2922 ad
415 2868 561 2942 Lingonas
588 2869 685 2924 literas
708 2867 888 2938 nunciosque
916 2865 1003 2936 misit,
1031 2886 1068 2924 ne
1096 2885 1146 2924 eos

119 2955 262 3014 frumento
277 2975 347 3013 neve
363 2957 417 3012 alial
434 2975 464 3013 re
475 2958 624 3032 jurarent:
647 2957 694 3031 qui
710 2957 732 3012 si
746 2957 895 3030 juvissent,
911 2976 940 3012 se
955 2958 1055 3014 eodem
1071 2958 1144 3028 lnce,

119 3065 177 3119 quo
194 3047 349 3116 Helvetios,
366 3047 535 3104 habiturum.
578 3049 653 3123 lpse,
667 3048 763 3104 triduo
783 3047 954 3117 intermiss0,
970 3067 1036 3104 curu
1057 3049 1146 3106 omni·

120 3137 173 3193 bus
188 3137 278 3210 copiis
293 3155 341 3193 eos
355 3139 434 3209 sequi
450 3139 543 3212 coepit.
708 3129 722 3158 '

160 3225 288 3282 XXVII.
321 3227 453 3296 Helvetii,
468 3230 596 3286 omnium
611 3249 704 3287 rerum
721 3231 817 3306 inopiis
838 3231 964 3300 adducti,
979 3231 1088 3306 legatos
1111 3231 1146 3287 de

120 3317 266 3394 deditione
288 3317 321 3372 ad
344 3337 409 3374 eum
431 3321 576 3376 miserunt.
618 3320 680 3380 Qui
703 3342 790 3394 quum
813 3341 878 3378 eum
901 3323 929 3377 in
955 3323 1056 3378 itinere
1081 3341 1146 3377 con·

120 3407 390 3482 venissent,·‘·seque
418 3409 457 3465 ad·
482 3411 570 3484 pedes
591 3411 786 3486 projecissent,
814 3413 1037 3486 suppliciterque
1059 3414 1144 3470 locuti

121 3499 221 3557 flentes
235 3518 335 3574 pacem
350 3500 496 3574 petissent,
513 3512 597 3573 atque
612 3519 660 3558 eos
682 3503 710 3558 in
732 3522 767 3559 eo
786 3504 861 3572 loco,
876 3523 933 3577 quo
957 3517 1017 3560 tum
1043 3515 1145 3576 essent,

120 3611 203 3648 suum
220 3591 370 3646 adventurn
388 3605 553 3666 exspectare
571 3589 710 3666 jussisset,
725 3607 889 3668 paruerunt.
932 3595 975 3651 Eo
998 3607 1145 3668 postquam

121 3682 218 3737 Caesar
232 3681 370 3757 pervenit,
386 3683 509 3750 obsides
526 3703 612 3750 arma,
628 3703 732 3750 servos,
748 3685 795 3756 qui
820 3685 852 3739 ad
876 3703 925 3740 eos
945 3685 1145 3758 perfugissent,

122 3774 257 3846 poposcit.
303 3773 378 3827 Dum
403 3791 436 3827 ea
460 3775 666 3844 conqrriruntur
692 3785 719 3828 et
742 3777 938 3842 conseruntur,
955 3788 1038 3830 nnete
1064 3765 1146 3830 inter·

103 3862 218 3932 missa,
240 3863 355 3920 circiter
376 3863 524 3920 hominurn
546 3865 636 3920 millia
658 3863 698 3920 Vl
722 3864 782 3938 ejus
802 3866 879 3939 pagi,
895 3866 944 3938 qui
967 3865 1146 3943 Verbigenus
