2566 4270
138 300 195 363 128
462 301 510 350 DE
532 299 650 350 uncto
673 301 833 352 cantico
974 301 1054 366 [Cre.
1072 301 1114 364 35,
1129 303 1169 352 36.

136 445 248 522 magnis
272 443 380 502 Cesari
402 441 619 501 difficultatibus
640 463 696 515 res,
710 461 747 502 ne
768 443 905 519 majorem
928 444 1034 502 aestatis
1054 455 1170 520 partem

136 536 255 592 flumine
275 535 478 609 impediretur;
509 534 586 608 qudd
613 554 671 590 non
695 533 754 591 ferd
780 545 846 591 ante
868 545 1037 592 autumnum
1062 535 1170 592 Elaver

135 627 209 683 rado
221 626 336 682 transiri
350 625 429 682 solet.
470 624 582 698 Itaque,
597 643 634 681 ne
655 625 684 680 id
706 625 860 695 accideret,
875 625 996 682 silvestri
1019 626 1086 682 loco
1106 645 1171 682 cas·

135 718 187 775 tris
200 718 310 792 positis,
325 735 342 773 e
355 715 473 791 regione
488 715 573 771 unius
587 733 686 771 eorum
700 716 841 790 pontium,
857 735 929 788 quos
943 717 1167 792 Vercingetorix

136 807 341 865 rescindendos
365 815 652 879 curaverat,pcstero
671 805 719 862 die
740 823 807 861 curn
827 803 857 860 11
878 805 1040 880 legionibus
1065 808 1096 862 in
1120 825 1170 862 oc·

137 898 216 954 culto
238 897 359 966 restitit:
381 896 505 969 reliquas
529 895 627 970 copias
649 913 716 951 cum
737 895 871 952 omnibus
891 896 1115 970 impedimentis,
1137 908 1168 954 ut

137 997 334 1057 consueverat,
348 986 435 1056 misit,
456 985 548 1060 captis
569 985 740 1059 quibusdam
762 985 938 1055 cohortibus,
960 985 1002 1044 uti
1028 1005 1168 1046 numerus

137 1078 284 1154 legionum
306 1087 438 1134 constare
461 1076 613 1133 rideretur.
655 1075 721 1145 His,
736 1073 824 1149 quim
848 1075 1015 1151 longissime
1037 1089 1167 1152 possent,

137 1169 272 1245 progredi
283 1168 380 1244 jussis,
394 1185 482 1242 quum
493 1166 553 1242 jam
566 1185 602 1223 ex
615 1165 673 1222 diei
686 1176 814 1242 tempore
829 1166 1024 1241 conjecturam
1039 1179 1168 1242 caperet,

139 1259 169 1316 in
184 1270 278 1316 castra
296 1268 475 1333 perventum,
490 1257 591 1314 iisdem
614 1256 742 1327 sublicis,
758 1275 877 1330 quarum
898 1275 964 1331 pars
985 1257 1103 1314 inferior
1127 1259 1170 1314 in-

137 1359 219 1426 tegra
245 1349 420 1418 remanebat,
447 1357 564 1422 pontem
597 1347 716 1404 reficere
747 1346 842 1422 coepit.
896 1347 1036 1405 Celeriter
1062 1349 1169 1406 effecto

138 1457 234 1514 opere,
248 1439 466 1516 legionibusque
479 1437 663 1508 transductis,
678 1448 706 1495 et
718 1438 786 1496 loco
799 1438 901 1497 castris
915 1438 1021 1496 idoneo
1040 1439 1169 1510 delecto,-

138 1531 262 1604 reliquas
276 1531 374 1605 copias
388 1528 539 1586 revocavit.
582 1529 813 1605 Vercingetorix,
827 1547 859 1586 re
872 1529 999 1605 cogniti,
1013 1548 1050 1588 ne
1065 1541 1169 1588 contra

138 1641 220 1678 suam
244 1621 418 1678 voluntatem
436 1619 577 1676 ¹dimicare
599 1630 759 1696 cogeretur,
784 1619 896 1696 magnis
917 1619 1068 1677 itineribus
1089 1633 1169 1680 ante-

139 1713 233 1770 cessit.

179 1802 324 1860 XXXVI.
352 1802 449 1860 Caesar
463 1819 498 1859 ex
519 1821 555 1859 eo
574 1802 640 1859 loco
659 1801 766 1876 quintis
788 1801 889 1858 castris
910 1800 1083 1878 Gergoviam
1103 1820 1168 1876 per·

138 1893 226 1964 venit,
241 1894 421 1968 equestrique
434 1893 536 1968 proelic
548 1912 584 1949 eo
598 1892 644 1949 die
658 1893 713 1950 levi
727 1893 813 1962 sacto,
827 1902 978 1966 perspecto
997 1892 1077 1948 urbis
1097 1893 1166 1962 situ,

140 2003 212 2057 que,
226 1985 320 2058 posita
334 1985 363 2040 in
379 1984 516 2040 altissimo
530 1994 636 2053 monte,
651 2000 751 2040 omnes
766 1983 859 2040 aditus
880 1982 1011 2039 difficiles
1032 1983 1167 2053 habebat,

139 2073 175 2131 de
189 2075 400 2150 expugnatione
413 2074 589 2150 desperavit;
611 2074 647 2131 de
660 2075 825 2130 obsessione
843 2093 901 2130 non
921 2073 1002 2148 priris
1022 2074 1167 2148 agendum

140 2164 297 2234 constituit,
325 2163 412 2237 quim
441 2183 513 2222 rem·
533 2165 746 2222 frumentariam
775 2163 943 2238 expedisset.
984 2163 1026 2220 At
1046 2164 1169 2220 Vercin-

138 2255 260 2330 getorix,
284 2254 385 2310 castris
405 2273 492 2328 prope
512 2255 648 2330 oppidum
675 2255 705 2312 in
725 2265 822 2312 monte
841 2255 952 2329 positis,
972 2254 1168 2312 mediocribus

140 2345 250 2400 circum
274 2363 306 2402 se
329 2344 484 2402 intervallis
508 2345 660 2420 separatim
681 2345 858 2421 singularum
882 2345 1039 2402 civitatium
1068 2346 1168 2420 copias

140 2435 349 2506 collocaverat3
371 2446 455 2510 atque
476 2437 609 2493 omnibus
630 2435 691 2511 ejus
708 2435 771 2512 jugi
793 2436 915 2492 collibus
935 2436 1094 2510 occupatis,
1109 2435 1168 2510 qud

140 2527 249 2603 despici
274 2537 395 2602 poterat,
423 2526 588 2584 horribilem
616 2527 742 2601 speciem
767 2527 931 2601 prebebat:
965 2526 1168 2601 principesque

140 2637 238 2677 earum
253 2617 421 2688 civitatium,
436 2636 507 2691 quos
520 2617 575 2674 sibi
590 2617 624 2674 ad
644 2617 796 2674 consilium
817 2610 988 2691 capiendum
1010 2617 1166 2694 delegerat,

139 2710 232 2786 primia
247 2711 313 2767 luce
326 2709 454 2785 quotidie
468 2708 504 2765 ad
525 2725 555 2764 se
573 2707 693 2782 jubebat
712 2707 877 2777 convenire,
892 2725 942 2764 seu
957 2707 1027 2782 quid
1041 2725 1169 2764 commu·

139 2801 306 2872 nicandum,
330 2817 381 2858 seu
402 2798 750 2875 quid-administrandum
773 2797 935 2855 videretur:
960 2815 1054 2872 neque
1076 2799 1167 2856 ullum

141 2887 201 2947 fure
223 2889 299 2945 diem
319 2891 534 2959 intermittebat,
549 2889 618 2963 quin
639 2888 763 2962 equestri
781 2889 892 2962 proelio,
907 2889 1064 2964 interjectis
1083 2890 1169 2964 sagit·

140 2977 231 3048 tariis,
246 2978 314 3052 quid
328 2977 359 3034 in
372 2989 573 3053 quoqueesaet
591 2979 678 3036 animi
700 2998 734 3036 ac
753 2979 866 3036 uirtutis
885 2999 1012 3050 suorum,
1025 2980 1169 3054 periclita-

140 3077 227 3125 retur.
269 3067 339 3124 Erat
352 3087 368 3125 e
381 3071 499 3146 regione
513 3070 610 3146 oppidi
631 3071 713 3128 collis
733 3071 787 3127 sub
808 3057 877 3145 ipsis
897 3069 1043 3126 radicibus
1062 3071 1168 3128 montis

142 3155 258 3233 egregie
282 3158 419 3231 munitus,
434 3171 518 3236 atque
542 3179 578 3219 ex
600 3161 679 3218 omni
702 3170 784 3236 parte
807 3159 1014 3229 circumcisus;
1036 3179 1121 3234 quern
1143 3161 1167 3218 si

141 3257 273 3306 tenerent
285 3249 384 3321 nostri,
400 3257 428 3308 et
443 3269 522 3324 aquas
536 3251 641 3328 magnai
653 3262 734 3326 parte
748 3261 777 3308 ct
790 3251 974 3325 pabulatione
994 3251 1085 3308 liberis
1105 3271 1169 3326 pro·

142 3337 261 3395 bibituri
284 3339 379 3396 hostes
400 3340 584 3412 videbantur3
613 3342 663 3399 sed
687 3341 711 3398 is
731 3341 813 3398 locus
833 3341 968 3415 presidio
992 3341 1027 3397 ab
1051 3341 1087 3398 iis
1109 3361 1168 3398 non

142 3427 229 3485 nimis
242 3427 324 3485 firmo
337 3430 505 3487 tenebatur:
526 3441 622 3488 tamen
640 3431 755 3489 silentio
775 3432 869 3488 noctis
889 3431 996 3499 Caesar,
1012 3449 1046 3487 ex
1067 3432 1169 3489 castris

144 3536 284 3596 egressus,
299 3517 378 3594 priris
392 3517 477 3593 quim
499 3521 626 3578 subsidio
646 3540 682 3578 ex
701 3521 807 3596 oppido
826 3521 917 3578 veniri
937 3531 1042 3595 posset,
1057 3521 1169 3596 dejecto

143 3609 277 3686 prasidio
299 3609 406 3685 potitus
426 3609 500 3680 loco,
524 3611 594 3666 duas
616 3611 656 3666 ibi
680 3612 808 3686 legiones
831 3611 993 3681 collocavit,
1008 3611 1169 3685 fossamque

143 3701 287 3776 duplicem
302 3700 466 3759 duodentirn
479 3701 584 3775 pedum
600 3719 616 3757 a
629 3701 783 3776 majoribus
798 3702 899 3758 castris
920 3702 956 3758 ad
976 3702 1088 3759 minora
1106 3720 1169 3776 per·

141 3792 233 3862 duxit,
248 3785 280 3849 ut
293 3790 355 3849 tutd
371 3791 406 3847 ab
420 3791 569 3865 repentino
582 3791 706 3847 hostium
720 3792 837 3848 incursu
858 3792 945 3849 etiam
965 3791 1072 3868 singuli
1092 3811 1158 3850 cunr
1203 3838 1206 3844 .

144 3895 240 3936 meare
256 3891 369 3954 possent
