2566 4270
118 300 339 364 emar-..rm
498 295 606 348 ursan
626 294 813 348 sarsurus.
1117 299 1172 359 tlt

118 441 259 513 Facere,
277 440 356 516 quod
374 440 465 500 nostri
484 439 606 516 majores
625 457 807 515 nequaquam
824 438 885 515 pari
900 437 976 496 bello
989 437 1173 496 Cimbrorum

118 532 369 606 Teutonumque
399 533 545 601 fecerunt3
574 531 624 605 qui
652 531 682 588 iu
709 531 815 605 oppida
848 531 998 605 compulsi,
1021 548 1055 586 ac
1085 531 1172 587 simili

119 623 232 698 inopia
257 622 384 691 subacti,
399 641 498 679 eorum
520 622 697 696 corporibus,
712 623 761 695 qui
783 633 865 678 etate
886 621 1001 678 inutiles
1016 621 1051 678 ad
1066 621 1172 678 bellum

119 713 322 783 ridebantur,
345 713 431 770 vitam
451 713 653 777 toleraverunt,
669 731 763 786 neque
783 731 814 769 se
836 713 964 770 hostibus
984 711 1170 770 tradiderunt.

120 804 226 880 Cujus
250 804 296 860 rei
316 804 341 860 si
361 805 522 878 exemplum
543 823 601 860 non
623 803 802 873 haberemus,
817 816 913 860 tamen
931 803 1070 860 libertatis
1084 803 1172 860 causi

120 893 251 954 institui
267 905 297 952 et
310 895 431 968 posteris
450 894 532 968 prodi
552 894 776 968 pulcherrimum
796 894 965 968 judicarem.
1007 893 1083 950 Nam
1103 893 1172 968 quid

121 985 168 1042 illi
192 985 299 1042 simile
321 985 396 1042 bello
416 985 489 1040 fuitt
530 983 712 1057 Depopulatri
738 984 844 1053 Gallia,
866 983 988 1054 Cimbri,
1010 986 1172 1060 magnaque

122 1075 212 1135 illata
229 1076 409 1145 calamitate,
423 1075 529 1132 finibus
549 1074 665 1148 quidem
679 1073 783 1130 nostris
804 1074 958 1148 aliquando
978 1087 1171 1146 excesserunt,

124 1176 221 1240 atque
239 1165 314 1222 alias
327 1178 417 1222 terras
430 1165 590 1240 petierunt;
608 1165 683 1240 jura,
698 1165 787 1240 leges,
804 1184 895 1240 agros,
910 1165 1070 1222 libertatem
1089 1167 1173 1222 nobis

122 1257 336 1331 reliquerunt:
358 1255 485 1316 Romani
506 1254 573 1313 verb
595 1255 664 1330 quid
684 1265 785 1331 petunt
806 1255 893 1327 aliud,
910 1267 959 1314 aut
979 1255 1048 1331 quid
1063 1257 1170 1328 volunt,

123 1347 187 1406 nisi
211 1347 328 1406 invidia
349 1347 475 1418 adducti,
490 1366 561 1422 quos
582 1347 789 1425 faminobiles
809 1357 997 1422 potentesque
1016 1348 1091 1405 bellu
1105 1366 1172 1424 cog-

123 1449 294 1508 uoverunt,
316 1439 417 1494 horum
438 1438 468 1494 in
489 1439 565 1515 agris
592 1439 812 1512 civitatibusque
839 1439 990 1496 considere
1018 1451 1103 1514 atque
1127 1439 1171 1496 his

124 1539 280 1589 eternam
301 1529 452 1605 injungere
469 1531 653 1586 servituteml
675 1548 768 1603 neque
789 1529 865 1586 enim
886 1549 1013 1603 unquam
1033 1531 1089 1586 alit
1104 1549 1172 1586 cou-

125 1620 251 1682 ditione
267 1620 342 1677 bella
354 1629 511 1696 gesserunt.
552 1619 644 1680 Qubd
658 1620 681 1676 si
695 1638 739 1689 aa,
755 1639 818 1694 quae
833 1621 862 1676 in
876 1621 1041 1696 longinquis
1061 1621 1172 1677 nation-

127 1709 200 1770 ibus
223 1721 375 1788 geruntur,
398 1710 551 1786 ignoratis3
573 1710 708 1784 respicite
728 1711 878 1766 finitimam
905 1711 1039 1780 Galliam,
1057 1729 1120 1784 quae
1141 1711 1171 1768 in

127 1802 320 1876 provinciam
353 1802 479 1870 redacta,
504 1799 568 1876 jure
598 1810 627 1857 et
653 1799 765 1875 legibus
799 1801 993 1870 commutatis,
1021 1801 1171 1858 securibus

127 1893 282 1968 subjecta,
296 1892 433 1968 perpetui
448 1891 586 1965 premitur
602 1891 765 1948 servitute.''

172 1983 352 2041 LXXVIII.
395 1982 553 2040 Sententiis
574 1981 659 2038 dictis
680 1982 868 2054 constituunt,
883 1992 925 2053 ut,
939 1982 988 2057 qui
1007 1983 1170 2042 valetudine

86 2095 90 2105 ·
130 2085 186 2132 aut
216 2085 302 2132 etate
329 2075 445 2132 inutiles
473 2085 539 2132 sunt
566 2073 651 2145 bello,
666 2073 781 2150 oppido·
798 2075 948 2146 excedant,
965 2087 1050 2150 atque
1073 2077 1171 2134 omnia

76 2199 86 2204 -
128 2163 220 2240 priris
241 2165 432 2240 experiantur,
447 2165 533 2240 quam
556 2165 591 2223 ad
606 2165 769 2242 Critognati
790 2167 961 2224 sententiam
975 2166 1168 2225 descendant:

22 2324 26 2330 ἱ
131 2255 188 2314 illo
209 2267 308 2314 tarnen
327 2255 423 2332 potius
444 2257 582 2314 utendum
603 2257 734 2328 consilio,
749 2258 773 2316 ri
791 2276 839 2316 res
853 2270 939 2336 cogat
960 2269 1045 2333 atque
1065 2257 1171 2314 auxilia

130 2357 299 2418 morentur,
311 2346 397 2422 quim
409 2357 457 2405 aut
466 2347 620 2405 deditionis
629 2359 677 2406 aut
686 2348 768 2424 pacis
777 2350 954 2407 subeundam
965 2349 1169 2405 conditionem.

131 2433 305 2508 Mandubii,
316 2438 365 2512 qui
378 2456 428 2496 eos
441 2438 546 2512 oppido
559 2449 737 2512 receperant,
749 2457 816 2496 cum
828 2440 926 2497 liberis
939 2452 1023 2513 atque
1034 2440 1171 2496 uxoribus

131 2529 222 2586 exire
241 2538 392 2602 eoguntur.
434 2527 486 2596 Hi,
501 2546 589 2600 quum
605 2528 640 2584 ad
661 2528 835 2586 munitiones
855 2530 1054 2585 Romanorum
1076 2547 1172 2586 acces·

132 2619 256 2687 sissent,
271 2617 372 2674 flentes
392 2616 525 2672 omuibus
544 2617 680 2692 precibus
699 2619 828 2688 orabant,
844 2630 874 2675 ut
893 2636 934 2688 se,
955 2619 984 2674 in
1005 2619 1171 2676 servitutem

132 2719 284 2783 receptos,
295 2706 362 2766 cibo
372 2707 512 2782 jurarent.
554 2707 596 2764 At
609 2707 717 2778 Caesar,
732 2707 876 2783 dispositis
890 2707 920 2764 in
935 2708 1008 2764 vallo
1022 2709 1170 2782 custodiis,

134 2799 233 2874 recipi
247 2798 426 2874 prohibebat.

149 2941 151 2949 ,
180 2889 325 2950 LXXIX.
366 2889 482 2948 Interea
495 2888 655 2961 Commius,
670 2899 699 2948 et
712 2889 927 2964 reliquiduces,
942 2890 1046 2966 quibus
1059 2909 1171 2950 summa

137 2981 255 3056 imperii
275 2981 413 3057 permissa
430 2991 501 3052 erat,
516 3000 583 3039 cum
596 2983 730 3039 omnibus
743 2983 836 3056 copiis
851 2983 886 3039 ad
900 2983 1029 3040 Alesiam
1043 2983 1171 3058 perveni·

138 3087 205 3143 unt,
219 3083 248 3130 et
275 3073 348 3130 colle
368 3072 508 3130 exteriore
535 3083 760 3148 occupato,·non
788 3071 902 3148 longiis
923 3073 954 3130 M
976 3075 1107 3148 passibus
1134 3075 1171 3132 ab

139 3164 247 3220 uostris
260 3163 468 3222 munitionibus
479 3165 641 3222 considunt.
683 3163 802 3220 Postero
816 3163 863 3220 die
877 3164 1005 3238 equitatu
1019 3183 1055 3222 ex
1069 3165 1170 3223 castris

140 3253 258 3326 educto,
272 3273 386 3314 omnem
400 3271 465 3312 eam
480 3255 639 3330 planitiem,
654 3273 740 3327 quam
754 3254 783 3310 in
797 3254 1006 3330 longitudinem
1020 3255 1170 3314 III-millia

140 3363 278 3420 passuum
290 3357 389 3421 patere
403 3344 669 3414 demonstravimus,
685 3345 839 3420 complent,
854 3347 1057 3422 pedestresque
1072 3349 1170 3424 copias

139 3435 260 3510 pauldm
284 3437 320 3494 ab
343 3455 379 3492 eo
401 3435 467 3492 loco
492 3435 603 3492 abditas
623 3435 653 3492 in
673 3435 746 3492 locis
767 3437 961 3511 superioribus
982 3441 1168 3498 constituunt.

141 3526 213 3584 Erat
226 3545 261 3584 ex
274 3527 380 3601 oppido
394 3525 495 3582 Alesiai
515 3526 667 3600 despectus
681 3527 712 3584 in
726 3547 867 3602 campum.
910 3529 1109 3598 Concurritur,
1125 3529 1170 3585 his

142 3618 256 3676 auxiliis
270 3617 361 3675 risis:=
381 3617 412 3674 lit
426 3615 579 3690 gratulatio
599 3617 746 3688 intereos,
768 3629 853 3692 atque
873 3621 1001 3676 omnium
1024 3617 1112 3674 animi
1134 3617 1169 3674 ad

118 3707 270 3766 ¹letitiam
297 3707 466 3766 excitantur.
507 3705 618 3780 Itaque,
640 3709 787 3782 productis
814 3710 916 3783 copiis,
941 3719 1006 3764 ante
1032 3707 1184 3786 oppidum¹

142 3799 351 3868 denudantis
368 3797 527 3872 proximam
548 3797 651 3854 fossam
667 3799 795 3856 cratibus
807 3799 949 3874 integunt,
965 3808 1051 3870 atque
1065 3814 1170 3874 aggere

142 3891 266 3970 explent,
278 3905 368 3966 seque
382 3888 611 3966 ademptionem
627 3899 713 3964 atque
725 3907 825 3948 omues
839 3907 923 3945 casus
936 3899 1111 3964 comparant.
