2578 4270
140 253 180 310 η
467 249 515 300 DE
537 249 654 300 BELLO
677 247 838 302 eattlco
1003 248 1084 318 [Car.
1102 249 1182 300 1-a

141 402 198 449 tem
212 391 367 467 provinciae
380 391 594 450 incursionibus
608 391 711 449 vastari
726 392 868 478 audiebat.
910 389 955 450 Εὸ
970 411 1059 466 quum
1081 391 1178 448 renis·

141 494 193 551 set,
208 484 371 540 civitatibus
392 483 496 540 milites
516 485 645 558 imperat,
660 494 828 556 certumque
849 484 879 540 in
899 483 995 540 locum
1016 481 1177 538 convenire

148 573 237 646 jobet.
278 574 348 633 Qua
363 591 393 630 re
409 574 556 642 nunciata,
571 573 691 629 Pirustae
705 573 815 649 legatos
834 573 870 628 ad
891 591 957 629 eum
978 573 1109 640 mittunt,
1124 571 1175 644 qui

34 735 46 748 ἱ
141 664 264 720 doceant
285 665 375 720 ‘nihil
397 681 495 720 earnm
517 681 613 719 rerum
634 665 753 738 publico
772 664 881 720 factum
902 663 1035 732 consilio,
1051 679 1176 734 seseque

140 765 253 827 paratos
268 755 345 810 esse'
361 753 557 810 demonstrant
571 761 578 785 ‘
591 754 725 810 omnibus
745 754 904 810 rationibus
925 752 961 808 de
982 751 1098 827 injuriis
1120 761 1189 806 sat-1

141 843 279 901 issaeere.'
322 843 454 918 Acceptis
478 845 608 900 oratione
634 863 743 913 eorum,
772 843 869 900 Caesar
896 843 1011 910 obsides
1039 843 1174 915 imperat,

141 951 247 1008 eosque
272 935 307 990 ad
330 946 436 992 certam
461 935 537 991 diem
563 935 667 990 adduci
688 933 787 1009 jubet:
809 933 865 990 nisi
890 933 930 989 ita
951 933 1085 1000 fecerint,
1111 949 1175 987 sese

141 1024 217 1081 bello
238 1026 383 1081 civitatem
407 1037 624 1100 persecuturum
649 1025 832 1081 demonstrat.
876 1023 932 1079 Ilia
954 1022 989 1078 ad
1018 1023 1097 1077 diem
1127 1020 1177 1076 ad·

141 1115 245 1185 ductis,
271 1127 302 1171 ut
325 1116 521 1190 imperaverat,
545 1116 664 1171 arbitros
687 1115 759 1170 inter
784 1114 915 1170 civitates
938 1113 997 1182 dat,
1016 1112 1068 1186 qui
1092 1110 1175 1167 litem

142 1206 291 1273 aestiment,
312 1223 482 1279 poenamque
503 1207 686 1263 constituant.

181 1294 219 1350 II.
248 1295 303 1350 His
318 1296 457 1352 confectis
478 1297 573 1364 rebus,
589 1295 834 1368 conventibusque
853 1293 988 1369 peractis,
1002 1295 1034 1351 in
1057 1293 1174 1351 citerio-

142 1403 201 1440 rem
217 1385 340 1442 Galliam
363 1387 522 1455 revertitur,
539 1397 623 1458 atque
644 1387 711 1442 inde
733 1385 768 1441 ad
788 1386 948 1442 exercitum
968 1384 1174 1464 proficiscitur.

142 1475 186 1532 Εὸ
202 1494 289 1548 quum
305 1476 435 1544 venisset,
451 1476 580 1532 circuitis
594 1476 727 1532 omnibus
741 1476 878 1545 bibernis,
893 1475 1032 1550 singulari
1047 1475 1175 1548 militurn

142 1566 246 1636 studio,
262 1566 291 1622 in
306 1567 416 1622 summa
428 1565 556 1621 omnium
571 1585 666 1622 rerum
686 1567 793 1640 inopia,
808 1566 924 1622 circiter
945 1565 999 1621 DC
1021 1565 1084 1640 ejus
1105 1581 1176 1640 gen-

142 1657 209 1726 eris,
234 1657 315 1732 cujus
342 1655 428 1730 supra
443 1656 719 1726 demonstravimus,
741 1675 829 1712 naves
855 1667 884 1713 et
908 1656 1010 1732 longas
1032 1653 1175 1711 XXVIII

144 1746 252 1804 invenit
276 1747 438 1816 instructas,
461 1765 554 1819 neque
575 1746 695 1802 multum
719 1745 817 1802 abesse
846 1747 881 1801 ab
905 1765 950 1816 eo,
979 1746 1049 1819 quin
1069 1745 1175 1820 paucis

144 1837 245 1892 diebus
267 1837 371 1896 deduci
395 1847 519 1918 possqrt.
561 1836 739 1892 Collaudatis
765 1837 914 1905 militibus,
939 1846 1024 1908 atque
1048 1835 1093 1904 iis,
1123 1835 1175 1908 qui

144 1927 261 1999 negotio
281 1921 463 2000 praeluerant,
486 1926 554 1999 quid
579 1926 639 1982 fieri
662 1925 738 1995 velit,
760 1927 893 1995 ostendit,
910 1936 994 2000 atque
1014 1943 1115 1982 omnes
1137 1923 1175 1980 ad

145 2025 257 2088 portum
271 2013 358 2070 Itium
372 2017 525 2072 convenire
536 2016 626 2091 jubet,
642 2036 699 2088 quo
712 2035 747 2072 ex
759 2026 843 2090 portu
862 2014 1127 2071 commodissimum
1142 2013 1175 2070 in

146 2104 324 2160 Britanniam
341 2105 535 2161 transmissum
551 2125 613 2162 esse
634 2117 816 2180 cognoverat,
832 2105 946 2162 circiter
967 2104 1089 2160 millium
1109 2122 1176 2178 pas-

147 2212 229 2250 suum
244 2193 335 2249 XXX
352 2212 367 2248 a
382 2195 547 2252 continenti.
590 2195 669 2254 Huic
684 2197 725 2252 rei
746 2196 822 2268 quod
843 2193 912 2252 satis
932 2213 995 2251 esse
1015 2195 1107 2249 visum
1129 2203 1175 2248 est

147 2283 278 2350 militurn,
293 2283 426 2356 reliquit:
449 2283 509 2356 ipse
530 2303 596 2339 cum
617 2285 779 2360 legionibus
799 2285 939 2360 expeditis
959 2283 1013 2352 IV,
1028 2293 1056 2339 et
1070 2282 1175 2355 equiti·

147 2372 200 2428 bus
215 2371 322 2429 DCCC
338 2374 366 2428 in
381 2372 452 2429 fines
465 2373 651 2430 Trevirorum
665 2375 865 2448 proficiscitur,
880 2374 957 2446 qudd
978 2373 1007 2428 hi
1027 2391 1121 2446 neque
1137 2371 1175 2426 ad

148 2463 272 2519 concilia
303 2463 465 2532 veniebant,
493 2482 586 2536 neque
620 2463 741 2538 imperio
772 2465 921 2539 parebant,
955 2463 1174 2534 Germanosque

148 2553 385 2610 Transrhenanos
405 2554 558 2610 sollicitare
579 2554 755 2611 dicebantur.

187 2643 241 2700 ΙΙΙ.
270 2644 342 2700 Haec
357 2645 456 2700 civitas
470 2643 555 2718 longe
570 2643 723 2718 plurimum
738 2644 825 2700 totius
836 2644 937 2700 Gallia
948 2643 1076 2716 equitatu
1087 2643 1173 2714 valet,

149 2751 322 2806 magnasque
342 2735 427 2790 habet
451 2735 547 2808 copias
565 2733 702 2807 peditum,
718 2733 922 2807 Rhenumque,
937 2744 969 2790 ut
987 2732 1073 2807 supra
1094 2733 1175 2789 dem·

149 2821 346 2888 onstravimus,
374 2825 472 2895 tangit.
514 2823 548 2879 ln
571 2823 605 2879 ed
634 2823 750 2879 civitate
778 2824 837 2879 duo
858 2824 894 2880 de
914 2824 1075 2898 principatu
1098 2823 1174 2880 inter

150 2929 180 2964 se
195 2910 414 2977 contendebant,
429 2911 639 2968 Indutiomarus
653 2922 681 2968 et
702 2913 888 2988 Cingetorix:
910 2933 945 2970 ex
966 2914 1070 2987 quibus
1091 2912 1172 2983 alter,

150 3001 233 3056 simul
249 3010 332 3071 atque
346 3001 381 3056 de
397 3001 518 3058 Caesaris
531 3004 734 3078 legionumque
755 3006 878 3061 adventu
899 3005 1047 3080 cognitum
1067 3015 1120 3074 est,
1137 3004 1173 3060 ad

151 3109 215 3145 eum
231 3089 322 3156 venit3
345 3109 375 3145 se
389 3110 511 3164 suosque
525 3113 623 3150 omnes
638 3094 666 3150 iu
688 3096 783 3152 offieio
804 3095 923 3165 futuros,
938 3113 1032 3170 neque
1053 3095 1089 3150 ab
1104 3093 1174 3150 ami·

151 3179 220 3234 ciria
235 3179 335 3251 Populi
350 3179 475 3237 Romani
490 3183 651 3239 defecturos
666 3185 852 3253 confirmavit,
864 3203 984 3258 quaeque
999 3186 1028 3241 in
1042 3183 1173 3240 Treviris

152 3279 325 3343 gererentur,
337 3271 467 3326 ostendit.
509 3273 549 3328 At
563 3272 774 3331 Indutiomarus
788 3276 945 3348 equitatum
956 3263 1173 3348 peditatumque

152 3375 264 3431 cogere,
280 3357 379 3430 iisque,
395 3359 512 3434 qui-per
534 3363 645 3418 etatem
668 3365 696 3420 in
718 3365 804 3420 armis
823 3383 886 3420 esse
907 3383 965 3420 non
985 3373 1127 3438 poterant,
1144 3363 1173 3420 in

151 3447 249 3505 silvam
264 3447 448 3504 Arduennam
465 3451 576 3520 abditis,
588 3470 649 3524 quae
664 3453 773 3528 ingenti
787 3454 1048 3531 magnitudineper
1063 3452 1174 3510 medios

151 3539 222 3596 lines
236 3537 419 3594 Trevirorum
436 3540 582 3595 aflumine
603 3539 709 3597 Rheno
731 3544 766 3598 ad
788 3543 902 3598 initium
925 3542 1086 3598 Remorum
1110 3560 1175 3615 per·

151 3629 232 3698 tinet,
247 3629 351 3686 bellum
364 3647 464 3701 parare
478 3629 607 3686 instituit.
650 3631 706 3685 Sed
720 3643 818 3705 postea
838 3631 925 3704 qudm
945 3631 1075 3688 nonnulli
1096 3631 1175 3706 prin·

152 3720 230 3792 cipes
254 3739 289 3776 ex
308 3719 342 3774 ed
366 3718 489 3788 civitate,
514 3731 542 3776 et
564 3719 754 3776 familiaritate
778 3721 972 3797 Cingetorigis
996 3719 1124 3788 adducti,
1146 3731 1175 3776 et

153 3808 273 3865 adventu
288 3808 377 3864 nostri
391 3810 534 3864 exercitus
546 3807 698 3880 perterriti,
714 3809 747 3862 ad
762 3809 905 3866 Caesarem
926 3821 1075 3878 venerunt,
1090 3819 1119 3866 et
1138 3809 1175 3865 de
