2578 4270
153 309 220 359 Car.
235 311 318 374 4-7.]
531 309 638 358 LIBER
661 309 803 358 PRIMUS.
1164 307 1185 366 7

152 463 215 510 tum
228 471 344 528 paenam
357 451 439 527 sequi
452 452 611 528 oportebat,
622 462 654 508 ut
668 451 729 527 igni
741 459 924 508 cremaretur.
959 446 1016 506 Die
1027 447 1184 504 constitute

154 561 249 600 cauea
264 543 400 600 dictionis
413 531 568 620 Orgetorix
589 543 624 598 ad
643 541 786 617 judicium
808 559 923 596 omnem
943 557 1025 596 suam
1046 538 1183 596 familiam

155 634 192 690 ad
213 634 361 692 hominurn
382 634 473 690 millia
496 633 597 700 decern
621 632 748 706 undique
769 631 876 708 coegit,
891 641 920 688 et
943 647 1043 688 omnes
1063 629 1184 686 clientes

154 725 351 799 oberatosque
369 743 445 796 suos,
460 743 582 798 quorum
603 743 738 800 magnum
759 741 912 778 numerum
932 721 1065 791 habebat,
1080 719 1182 778 eddern

156 800 311 872 conduxit:
332 835 383 890 per
396 834 456 885 ece,
471 834 508 871 ne
525 833 642 870 eausam
663 815 782 883 diceret,
797 831 828 870 se
848 812 962 887 eripuit.
1002 811 1105 872 Quum
1125 811 1183 868 civ·

157 906 221 974 itas,
236 907 272 961 ob
291 925 354 963 earn
375 925 434 962 rem
456 905 584 974 incitata,
600 905 685 960 armis
706 905 856 980 jussuum
877 902 995 978 exsequi
1018 912 1181 974 conaretur,

156 989 423 1070 multitudinemque
432 995 581 1052 hominum
594 1014 630 1052 ex
645 995 720 1070 agris
728 995 910 1070 magistratus
921 1003 1067 1069 cogerent,
1078 991 1183 1068 Orget-

58 1082 60 1086 ’
155 1087 217 1142 orix
241 1097 369 1144 mortuus
389 1097 447 1156 est;
469 1103 564 1160 neque
585 1086 665 1142 abest
685 1085 821 1160 suspicio,
844 1094 876 1140 ut
897 1083 1024 1140 Helvetii
1045 1083 1182 1140 arbitran-

154 1187 210 1247 tur,
225 1178 293 1252 quin
308 1177 369 1252 ipse
382 1177 436 1234 sibi
451 1187 572 1234 mortem
586 1175 767 1232 consciverit.

194 1267 228 1324 V.
257 1267 325 1324 Post
338 1267 400 1343 ejus
413 1277 533 1324 mortem
547 1267 638 1323 nihilo
656 1264 753 1322 minus
774 1264 902 1322 Helvetii
923 1264 962 1335 id,
977 1263 1054 1338 quod
1075 1261 1181 1320 consti·

153 1369 275 1429 tuerant,
285 1359 380 1416 lacere
388 1368 538 1428 conantur,
548 1368 579 1414 ut
593 1377 609 1414 e
622 1358 728 1414 finibus
738 1357 797 1414 suis
808 1366 919 1414 exeant.
960 1355 1018 1412 Ubi
1029 1354 1089 1430 jam
1100 1373 1132 1410 se
1143 1354 1179 1410 ad

152 1466 216 1504 eam
237 1467 297 1506 rem
317 1460 430 1524 paratos
444 1467 507 1506 esse
529 1449 656 1506 arbitrati
670 1458 747 1518 sunt,
761 1448 867 1523 oppida
880 1467 933 1504 sua
945 1446 1044 1504 omnia
1056 1464 1178 1502 numero

154 1539 189 1594 ad
209 1539 373 1611 duodecim,
386 1539 466 1596 vicos
487 1540 522 1596 ad
543 1541 776 1616 quadringentos,
797 1539 908 1613 reliqua
926 1537 1036 1614 privata
1056 1536 1179 1594 aedificia

153 1629 327 1700 incendunt;
360 1631 534 1688 frumentum
561 1649 656 1701 omne,
682 1640 785 1705 praeter
808 1629 886 1704 quod
912 1647 1013 1686 secum
1038 1628 1177 1704 portaturi

151 1733 242 1791 erant,
257 1723 440 1789 comburunt,
454 1731 495 1789 ut,
510 1721 627 1776 domum
647 1721 796 1776 reditionis
816 1739 866 1794 spe
884 1719 1007 1789 sublata,
1020 1719 1190 1800 paratiores!

152 1811 188 1866 ad
209 1810 308 1866 omnia
326 1809 456 1884 pericula
481 1809 631 1865 subeunda
654 1820 765 1866 essent:
797 1811 884 1866 trium
910 1809 1052 1866 mensium
1078 1810 1177 1868 molita

150 1901 261 1957 cibaria
273 1901 327 1956 sibi
337 1919 478 1975 quemque
487 1899 572 1957 domo
583 1849 683 1957 elleire
693 1902 802 1976 jubent.
844 1901 1021 1960 Persuadent
1031 1900 1176 1959 Rauracis

148 2005 178 2051 et
201 1993 337 2070 Tulingis
364 2004 393 2051 et
419 1994 582 2070 Latobrigis
606 1994 743 2066 finitimis,
772 1991 824 2065 uti,
851 1995 953 2052 eodem
977 1995 1022 2052 usi
1044 1995 1174 2068 consilio,

148 2085 260 2160 oppidis
280 2086 339 2142 suis
358 2085 487 2160 vicisque
501 2085 617 2156 exustis,
632 2084 691 2142 una
709 2105 775 2142 eum
795 2086 831 2144 iis
851 2086 1086 2162 proficiscantur:
1108 2087 1176 2144 Boi·

147 2193 246 2250 osque,
272 2177 320 2251 qui
344 2187 422 2233 trans
446 2177 584 2233 Rhenum
605 2177 794 2248 incoluerant,
809 2189 837 2236 et
858 2178 887 2234 in
911 2197 1010 2254 agrurn
1031 2177 1174 2236 Noricum

148 2267 327 2338 transierant,
342 2267 538 2342 Noreiamque
552 2269 760 2344 oppugnarunt,
775 2280 906 2344 receptos
921 2269 955 2325 nd
969 2288 1000 2326 se
1011 2269 1105 2326 socios
1118 2269 1173 2326 sibi

149 2357 320 2415 adsciscunt.

186 2448 237 2505 VI.
265 2449 355 2506 Erant
369 2449 487 2506 omnino
501 2450 605 2506 itinera
625 2450 691 2520 duo,
707 2451 811 2524 quibus
825 2451 976 2508 itineribus
996 2451 1081 2508 domo
1095 2451 1173 2508 exire

146 2550 278 2613 possent:
300 2559 390 2596 unum
402 2559 453 2614 per
468 2543 627 2630 SequanpS,
644 2553 794 2616 arigustum
817 2552 845 2597 et
865 2541 992 2612 difficile,
1007 2541 1080 2598 inter
1094 2561 1173 2598 mon·

146 2641 204 2686 tem
218 2629 319 2686 Jurarn
342 2640 370 2685 et
390 2630 497 2685 flumen
517 2630 703 2698 Rhodanum,
718 2631 765 2684 vix
786 2629 842 2704 qua
864 2630 970 2706 singuli
992 2631 1065 2688 carri
1086 2632 1173 2689 duce·

145 2732 261 2789 rentur,
283 2738 366 2775 mons
387 2728 482 2775 autem
499 2717 652 2776 altissimus
673 2719 866 2794 impendebat,
880 2731 913 2776 ut
931 2719 1016 2778 facile
1035 2723 1172 2798 perpauci

144 2811 296 2886 prohibere
322 2820 456 2886 possent:
492 2809 613 2866 alterum
636 2829 687 2884 per
714 2810 891 2885 provinciam
918 2823 1053 2884 nostram,
1081 2815 1172 2872 multo

145 2901 265 2959 facilius
285 2913 369 2976 atque
393 2901 562 2976 expeditius,
590 2913 741 2977 propterea
767 2900 844 2978 qudd
872 2903 1070 2962 Helvetiorum
1097 2905 1171 2964 inter

145 2992 215 3049 fines
238 3003 268 3049 et
288 2993 489 3069 Allobrogum,
503 2993 552 3068 qui
576 3011 667 3067 nuper
687 2994 782 3068 pacati
807 3006 897 3066 erant,
912 2995 1074 3054 Rhodanus
1097 2997 1169 3069 fluit,

145 3083 225 3158 isque
233 3084 378 3141 nonnullis
389 3084 461 3141 locis
472 3084 544 3140 vado
558 3083 702 3140 transitur.
744 3085 912 3142 Extremum
923 3083 1058 3162 oppidum
1071 3087 1170 3145 Allob-

144 3193 244 3250 rogum
265 3186 316 3247 est,
330 3176 549 3250 proximumque
563 3174 762 3232 Helvetiorum
776 3175 890 3247 finihuS,
905 3177 1031 3235 Genava.
1073 3178 1118 3234 Ex
1133 3197 1169 3236 eo

143 3266 247 3340 oppido
260 3285 332 3341 pons
347 3267 382 3322 ad
397 3266 546 3322 Helvetios
561 3264 693 3338 pertinet.
735 3265 940 3342 Allobrogibus
960 3287 1023 3326 sese
1043 3269 1086 3324 vel
1107 3288 1170 3344 per-

142 3375 284 3428 suasurus,
309 3355 388 3430 qudd
412 3355 540 3412 nonduin
565 3356 641 3411 bono
665 3356 760 3413 aninro
784 3357 813 3414 in
836 3359 974 3434 populum
1000 3359 1168 3417 Romanum

142 3447 315 3518 viderentur,
330 3447 547 3516 existimabant3
569 3446 612 3502 vel
627 3447 654 3502 vi
669 3459 829 3519 coacturos,
845 3461 876 3506 ut
889 3468 939 3524 per
953 3469 1020 3506 suos
1034 3449 1105 3506 fines
1119 3469 1168 3507 eos

143 3537 183 3596 ire
207 3549 378 3613 paterentur.
421 3537 565 3595 Omnibus
585 3539 671 3594 rebus
696 3539 731 3594 ad
752 3540 958 3613 prosectionem
984 3542 1166 3616 comparatis,

142 3629 217 3686 diem
233 3629 343 3698 dicunt,
358 3629 414 3702 quai
429 3629 476 3686 die
491 3628 525 3684 ad
541 3627 631 3702 ripam
652 3629 788 3688 Rhodani
809 3650 908 3688 omnes
922 3623 1119 3688 conveniant:
1143 3632 1167 3688 is

141 3719 202 3776 dies
216 3731 276 3778 erat
291 3737 314 3776 a.
330 3719 356 3774 d.
372 3719 408 3774 V.
423 3717 487 3774 Kal.
503 3717 584 3793 Apr.,
600 3718 632 3776 L.
648 3719 753 3778 Pisone
767 3732 796 3778 et
810 3721 845 3776 A.
861 3721 997 3791 Gabinio,
1012 3720 1094 3777 Coss.

180 3809 245 3868 VII.
274 3808 383 3868 Caesari
404 3825 491 3884 quum
513 3807 542 3866 id
560 3810 729 3868 nunciatum
751 3822 834 3880 esset,
849 3830 898 3868 eos
918 3829 968 3885 per
988 3810 1166 3885 provinciam

140 3913 265 3960 nostram
280 3901 332 3960 iter
346 3900 441 3959 secere
455 3900 563 3971 conari,
578 3910 701 3958 maturat
715 3903 750 3958 ab
764 3902 835 3958 urbe
849 3900 991 3976 proficisci
999 3921 1006 3972 ;
1028 3911 1066 3973 et,
1079 3902 1165 3977 quarn
