2626 4272
95 281 159 334 cn.
172 280 310 347 eamr]
481 281 589 334 crana
610 281 799 334 snr‘rums.
1098 283 1156 344 ltu

130 425 310 484 LXXXII.
359 424 443 484 Dum
469 424 586 504 longiis
607 427 643 483 ab
663 425 825 484 munitione
852 423 971 482 aberant
983 423 1071 494 Galli,
1085 423 1156 500 plits

94 517 293 578 multitudine
307 517 449 574 telorum
468 518 673 593 proficiebant:
694 528 881 593 posteaquam
901 515 1020 591 propids
1040 533 1156 572 succes·

94 618 205 678 serunt,
220 619 277 665 aut
294 627 332 666 se
348 608 407 684 ipsi
421 609 544 666 stimulis
555 609 737 684 inopinantes
751 608 920 678 induebant,
932 618 981 665 aut
994 608 1024 664 in
1038 608 1156 664 scrobes

95 697 208 773 delapsi
230 699 525 771 transfodiebantur,
541 710 589 758 aut
602 719 638 757 ex
651 701 726 758 vallo
740 710 769 757 et
782 700 909 756 turribus
928 697 1075 774 transjecti
1089 697 1155 774 pilis

95 789 266 847 muralibus
305 791 480 848 interibant.
522 790 625 848 Multis
657 791 786 865 undique
819 791 985 848 vulneribus
1019 791 1156 866 acceptis,

95 879 176 936 nullti
199 881 385 938 munitione
404 882 551 956 perruptis,
572 899 661 956 quum
687 882 738 938 lux
765 892 920 956 appeteret,
940 881 1034 950 veriti,
1054 899 1092 937 ne
1120 881 1155 938 ab

95 968 188 1028 latere
205 983 320 1047 aperto
336 990 376 1030 ex
389 972 584 1046 superioribus
596 971 697 1030 castris
708 973 858 1047 eruptione
869 970 1155 1042 circumvenirentur,

99 1075 130 1116 se
152 1061 191 1118 ad
213 1080 293 1119 suos
316 1053 502 1138 receperunt.
544 1062 585 1120 At
605 1062 765 1133 interiores,
779 1062 847 1119 dum
869 1080 913 1132 ea,
928 1079 992 1135 quae
1007 1079 1024 1116 a
1037 1061 1158 1118 Vercin-

97 1152 237 1230 getorige
253 1153 296 1210 ad
312 1154 497 1228 eruptionem
507 1165 666 1229 praeparata
677 1164 768 1224 erant,
779 1152 937 1228 proferunt,
947 1152 1057 1227 priores
1068 1152 1157 1209 fossas

99 1242 240 1317 expleam
264 1245 389 1302 diutius
407 1245 436 1302 in
451 1245 487 1302 iis
500 1246 585 1302 rebus
607 1245 839 1302 administrandis
859 1245 971 1314 morati,
985 1243 1067 1319 priris
1089 1259 1157 1300 suos

99 1331 289 1393 discerem
313 1335 523 1411 cognorerunt,
548 1334 636 1410 qurlnr
662 1336 872 1394 munitionibus
889 1335 1155 1412 appropinquarent

101 1419 160 1494 Ita,
172 1444 210 1483 re
225 1427 361 1498 inlecti,
376 1426 406 1484 in
420 1428 556 1502 oppidum
575 1438 761 1486 reverterunt.

143 1514 341 1575 LXXXIII.
383 1518 433 1576 Itis
453 1537 559 1595 magno
579 1537 646 1576 cum
666 1519 839 1576 detrimento
859 1518 965 1593 repulsi
983 1517 1071 1588 Galli,
1085 1517 1156 1592 quid

105 1618 206 1682 agant,
223 1607 408 1667 consulunt:
429 1610 560 1667 locorum
573 1611 680 1685 peritos
695 1610 847 1666 adhibent:
870 1611 905 1665 ab
920 1610 963 1665 his
977 1609 1156 1684 superiorum

106 1708 282 1758 caecorum
308 1701 382 1758 situs
408 1701 640 1774 munitionesque
666 1710 855 1775 cognoscunt.
897 1699 968 1756 Erat
996 1718 1012 1756 a
1036 1711 1158 1773 septem·
1186 1701 1204 1720 ⁶

106 1787 262 1848 trionibus
288 1791 382 1862 collis,
403 1809 487 1866 quem
514 1801 630 1866 propter
656 1790 885 1866 magnitudinem
912 1787 1052 1846 circuitus
1072 1807 1158 1863 opere

15 1901 16 1906 ¹
106 1877 326 1956 circumplecti
346 1901 404 1940 non
423 1892 577 1958 potuerant
596 1881 697 1952 nostri,
712 1879 935 1954 necessariique
950 1898 1037 1954 paene
1058 1879 1157 1953 iniquo

105 1967 177 2027 loco
205 1983 239 2030 et
269 1973 375 2031 leniter
402 1973 506 2031 declivi
534 1983 629 2030 castra
655 1973 792 2030 fecerant.
848 1969 922 2028 Haec
949 1971 984 2028 C.
1011 1970 1157 2028 Antistius

108 2057 258 2138 Reginus
273 2074 303 2122 et
318 2064 352 2122 G.
367 2064 656 2136 CaniniusRebilus,
670 2063 769 2141 legati,
785 2079 852 2120 cum
871 2063 982 2120 duabus
994 2061 1157 2140 legionibus

109 2151 301 2213 obtinebant.
343 2155 476 2232 Cognitis
494 2173 545 2232 per
565 2155 759 2232 exploratores
780 2153 957 2232 regionibus,
979 2155 1070 2212 duces
1094 2153 1157 2210 bos·

112 2241 191 2301 tium
207 2245 270 2304 LX
283 2246 375 2304 millia
387 2265 423 2306 ex
435 2248 515 2306 omni
528 2265 649 2306 nurnero
663 2247 794 2324 deligunt
805 2265 905 2305 earurn
919 2247 1078 2316 civitatum,
1092 2263 1158 2320 que

113 2335 406 2395 maximamvirtutis
427 2338 591 2414 opIniouem
612 2339 776 2407 habebantt
797 2339 866 2412 quid
883 2357 997 2413 quoque
1010 2342 1096 2412 pacto
1110 2335 1157 2412 agi

112 2423 251 2498 placeat,
264 2426 379 2485 occulte
394 2429 468 2485 inter
481 2445 513 2484 se
527 2429 720 2498 constituunt3
741 2429 867 2489 adeundi
881 2441 996 2502 tempus
1006 2427 1157 2497 definiunt,

114 2532 213 2588 quum
235 2517 357 2574 meridie
376 2535 439 2574 esse
458 2517 596 2575 videatur.
636 2517 678 2574 Iis
705 2519 797 2592 copiis
823 2519 1076 2593 Vergasillaunum
1103 2517 1159 2572 Ar·

115 2621 259 2676 vernum,
272 2623 360 2664 unum
375 2625 411 2664 ex
424 2616 545 2681 quatuor
556 2607 689 2677 ducibus,
699 2608 890 2682 propinquum
902 2606 1159 2682 Vercingetorigis,

115 2695 297 2771 preficiunt
339 2696 392 2755 Ille
411 2715 447 2754 ex
467 2697 569 2754 caruis
587 2696 681 2773 primi
701 2697 800 2773 vigilia
822 2715 964 2773 egressus,
982 2713 1071 2771 prope
1091 2715 1164 2755 con·¹

120 2786 205 2845 secto
226 2788 280 2846 sub
299 2787 395 2845 lucem
416 2787 528 2860 itinere,
542 2799 607 2865 post
627 2799 752 2846 montem
771 2807 803 2846 se
816 2787 982 2858 occultavit,
996 2787 1158 2863 militesque

121 2895 159 2936 cx
172 2890 319 2938 nocturno
338 2879 436 2938 labore
456 2897 519 2938 sese
542 2879 661 2938 reficere
681 2879 775 2956 jussit.
816 2879 921 2941 Quum
936 2878 999 2955 ,jam
1023 2879 1158 2938 meridies

124 2971 355 3046 appropinquare
375 2971 528 3042 rideretur,
543 2971 579 3040 ad
594 2989 629 3030 ea
642 2982 745 3041 castra,
760 2989 824 3046 quaa
841 2969 932 3046 suprd
953 2971 1158 3029 demonstravi·

124 3076 206 3132 mus,
231 3063 395 3120 contendit:
423 3063 582 3137 eodemque
605 3073 733 3138 tempore
756 3063 900 3136 equitatus
924 3062 959 3118 ad
983 3076 1158 3138 campestres

126 3155 303 3214 munitiones
314 3155 462 3227 accedere,
474 3165 503 3213 et
515 3156 633 3230 relique
648 3155 738 3230 copiae
753 3173 815 3212 sese
827 3171 882 3230 pro
891 3155 993 3213 castris
1006 3157 1158 3215 ostendere

127 3257 285 3320 ceperunt

169 3335 340 3395 LXXXIV.
368 3336 599 3414 Vercingetorix,
614 3355 650 3394 ex
670 3355 737 3395 arce
757 3337 864 3396 Alesiae
878 3355 945 3396 suos
962 3339 1155 3414 acuminatus,

129 3442 165 3482 ax
190 3427 295 3502 oppido
321 3428 484 3504 egreditur;
520 3446 537 3484 a
564 3429 665 3485 castris
696 3428 854 3504 longurios,
882 3430 1038 3500 musculos,
1067 3430 1157 3486 falces

129 3516 304 3592 reliquaque,
319 3533 382 3592 qure
403 3518 561 3594 eruptionis
575 3519 662 3576 causi
676 3531 833 3594 paraverat,
847 3521 962 3595 profert.
1005 3521 1154 3596 Pugnatur

129 3623 189 3664 uno
215 3618 343 3682 tempore
368 3611 502 3667 omnibus
528 3611 601 3668 locis
629 3611 742 3681 acriter,
765 3623 850 3686 atque
876 3613 974 3668 omnia
1000 3620 1154 3668 tentantur.

129 3695 200 3760 Qud
221 3697 339 3756 minimi
363 3700 423 3756 risa
443 3719 510 3775 pars
530 3701 612 3758 firma
633 3712 686 3771 est,
701 3702 758 3759 huc
777 3703 966 3759 concurritur.
1007 3700 1157 3757 Rornano-

130 3806 193 3846 rum
213 3805 317 3845 manus
336 3791 423 3847 tantis
443 3791 651 3849 munitionibus
671 3792 834 3862 distinetur,
854 3811 910 3850 nec
924 3791 1010 3848 facile
1024 3789 1156 3866 pluribus

130 3877 202 3938 locis
215 3878 352 3937 occurrit
391 3877 517 3936 Multum
534 3880 570 3937 ad
582 3883 731 3939 terrendos
743 3893 857 3938 nostros
870 3881 960 3939 valuit
972 3881 1091 3955 clamor,
1105 3881 1155 3959 qui
1251 3927 1254 3934 .

369 3967 434 4027 13*
