2566 4270
106 311 180 360 crs.
197 311 311 376 ast-nr
473 312 580 362 urana
601 305 769 374 aurnuns.
807 304 812 314 '
1101 303 1149 384 οφ

147 453 300 513 XXXIX
328 453 440 530 Itaque,
459 455 610 514 confestim
631 457 756 516 dimissis
776 459 891 518 nunciis
912 459 948 518 ad
968 459 1140 537 Ceutrones,

104 546 247 616 Grudios,
263 547 400 618 Levacos,
416 547 607 628 Plpumoxios
622 543 781 620 Gelduuos,
797 551 850 624 qui
860 571 960 609 omnes
974 553 1027 609 rub
1041 572 1141 616 eorum

106 638 232 712 imperio
245 648 323 708 sunt,
337 638 423 711 qndm
437 639 575 694 maximas
588 659 689 696 manus
703 654 831 715 possunt,
847 655 973 718 cogunt;
995 655 1024 701 et
1038 644 1075 702 de
1090 645 1141 700 im-

106 729 226 804 proviso
240 728 276 785 ad
291 728 442 786 Ciceronis
464 729 584 786 hiberna
604 731 745 802 advolant,
760 733 889 790 nondum
914 735 949 790 ad
973 752 1039 791 eum
1065 735 1141 792 sunt

106 819 147 875 de
171 818 282 878 Titurii
306 831 398 876 morte
419 820 537 894 perlata.
589 820 669 878 Huic
696 824 811 896 quoque
839 825 955 894 accidit,
983 824 1060 899 quod
1088 825 1145 882 fuit·

107 927 241 980 necesse,
254 921 285 967 ut
299 911 431 966 nonnulli
445 911 560 981 milites,
573 912 620 984 qni
634 913 801 987 lignationis
813 915 1038 989 munitionisque
1052 915 1141 972 causa

108 1001 140 1056 in
156 1001 242 1058 silvas
256 1000 464 1071 discessissent,
480 1003 773 1076 repentino'equitum
795 1003 916 1060 adventu
939 1005 1142 1080 interciperen-

107 1102 167 1148 tur.
210 1091 267 1148 His
281 1091 495 1162 circumventis,
511 1093 615 1168 magnai
628 1113 715 1150 manu
731 1093 891 1164 Eburones,
906 1094 1018 1165 Nervii,
1033 1095 1143 1152 Aduat-

109 1182 160 1238 uci
184 1192 269 1255 atque
284 1182 392 1250 horum
406 1183 534 1239 omnium
549 1183 621 1239 socii
635 1194 664 1240 et
678 1183 800 1240 clientes
813 1185 956 1261 legionem
976 1203 1143 1262 oppugnare

108 1273 278 1347 incipiunt:
300 1273 391 1328 nostri
413 1273 544 1330 celeriter
569 1274 605 1329 ad
629 1293 709 1332 arma
729 1287 915 1346 concurrunt,
943 1277 1048 1332 vallum
1075 1295 1143 1332 con·

108 1363 264 1420 scendunt,
306 1362 396 1448 AEgre
410 1363 435 1420 is
448 1364 510 1422 dies
524 1375 709 1436 sustentatur,
724 1365 801 1439 qubd
815 1384 931 1422 ornnem
945 1385 1025 1442 spem
1045 1366 1142 1424 hostes

109 1455 141 1511 in
166 1454 314 1512 celeritate
334 1455 488 1528 ponebant,
513 1466 606 1529 atque,
628 1455 704 1512 hanc
727 1456 821 1531 adepti
843 1457 1002 1528 victoriam,
1026 1456 1057 1514 in
1071 1445 1143 1533 per·

109 1557 234 1622 petuum
248 1563 279 1602 se
293 1545 354 1602 sore
368 1545 490 1602 victores
505 1546 695 1604 confidebant.

153 1636 220 1694 XL.
248 1635 404 1697 Mittuntur
421 1637 456 1693 ad
477 1636 621 1694 Caesarem
644 1637 796 1705 confestim
818 1640 853 1695 ab
877 1640 1022 1697 Cicerone
1040 1639 1142 1711 litera,

110 1728 227 1803 maguis
247 1727 399 1802 propositis
419 1727 554 1802 praemiis,
576 1727 599 1783 si
620 1728 812 1802 pertulissent.
853 1729 988 1786 Obsessis
1009 1731 1143 1786 omnibus

109 1819 177 1889 viis,
192 1819 272 1875 missi
293 1817 522 1894 intercipiuntur.
564 1817 663 1874 Noctu
680 1838 715 1874 ex
731 1819 766 1875 eit
787 1820 916 1890 materiai,
931 1839 1017 1894 quam
1039 1821 1144 1877 munit·

110 1910 190 1967 ionis
210 1910 298 1967 causi
319 1920 576 1985 comportaverant,
591 1921 683 1966 turres
698 1910 851 1966 admodum
872 1911 960 1967 CXX
981 1912 1144 1968 excitantur

111 2001 278 2059 incredibili
299 2001 465 2059 celeritate:
488 2021 551 2077 quar
576 2001 675 2058 deesse
696 2001 775 2076 operi
797 2001 976 2072 videbantur,
991 2001 1143 2077 perficiun-

112 2102 171 2150 tur.
213 2093 319 2152 Hostes
333 2105 447 2170 postero
460 2093 517 2164 die,
532 2093 622 2150 multo
636 2093 790 2168 majoribus
805 2093 895 2170 copiis
916 2093 1034 2163 coactis,
1049 2105 1142 2151 castra

112 2196 292 2261 oppugnant,
315 2185 418 2242 fossam
440 2185 592 2260 complent.
633 2184 682 2241 Ab
704 2185 809 2242 nostris
828 2185 929 2242 etidem
950 2185 1071 2254 ratione,
1085 2183 1143 2258 quit

113 2277 216 2353 pridie,
231 2277 389 2334 resistitur:
412 2277 467 2333 hoc
481 2277 557 2333 idem
572 2275 709 2350 deinceps
722 2277 841 2351 reliquis
856 2277 887 2332 lit
901 2277 1011 2334 diebus.
1052 2274 1144 2332 Nulla

113 2387 180 2444 pars
201 2369 336 2426 nocturni
360 2368 496 2442 temporis
521 2367 556 2422 ad
580 2367 706 2422 laborem
731 2367 944 2424 intermittitur:
965 2385 1024 2423 uon
1048 2367 1142 2441 aegris,

114 2479 173 2517 uon
194 2459 349 2518 vulneratis
370 2459 491 2515 facultas
512 2456 616 2529 quietis
636 2457 738 2512 datur:
759 2475 948 2530 quaecumque
969 2457 1004 2511 ad
1021 2456 1143 2530 proximi

114 2552 173 2608 diei
205 2549 448 2625 oppugnationem
476 2563 549 2619 opus
575 2555 651 2614 sunt,
679 2555 767 2601 noctu
794 2557 1013 2618 comparantur:
1047 2546 1143 2602 multae

114 2651 246 2718 praeustae
261 2639 356 2707 sudes,
372 2653 493 2710 mugnus
507 2633 658 2690 muralium
672 2633 793 2708 pilorum
810 2652 947 2690 numerus
967 2632 1144 2704 instituitur}

115 2743 210 2789 turres
231 2727 461 2796 contabulantur,
476 2725 571 2800 pinnae
591 2723 745 2798 loricaeque
766 2741 801 2780 ex
825 2723 951 2779 cratibus
973 2733 1142 2783 attexuntur.

117 2821 183 2896 Ipse
197 2819 304 2876 Cicero
325 2837 413 2892 quum
436 2815 604 2874 tenuissimi
626 2815 788 2872 valetudine
812 2824 896 2883 esset,
911 2833 948 2870 ne
971 2823 1143 2873 nocturnum

118 2911 234 2986 quidem
248 2909 302 2966 sibi
323 2921 435 2984 tempus
457 2907 490 2964 ad
514 2907 638 2982 quietem
663 2905 852 2980 relinquebat,
868 2915 899 2962 ut
923 2905 997 2962 ultro
1020 2905 1141 2963 militurn

117 3021 259 3060 concursu
276 3019 309 3058 ac
323 3001 441 3058 vocibus
454 2999 509 3057 sibi
523 3017 642 3074 parcere
656 3011 815 3074 cogeretur.

156 3093 235 3151 XLI.
263 3093 352 3150 Tunc
379 3093 468 3150 duces
495 3092 698 3167 principesque
729 3087 913 3158 Nerviorum,
941 3087 990 3162 qui
1018 3087 1142 3162 aliquem

115 3185 255 3244 sermonis
270 3185 376 3242 aditum
392 3201 565 3255 causamque
581 3171 714 3238 arni'citiae
736 3197 803 3235 cum
824 3178 967 3235 Cicerone
988 3177 1141 3250 habebant,

116 3278 241 3350 colloqui
262 3296 324 3334 sese
345 3276 417 3332 velle
438 3274 547 3330 dicunt.
586 3271 680 3328 Facti
700 3280 849 3345 potestate,
864 3271 974 3340 eadem,
989 3289 1051 3344 quae
1072 3269 1143 3327 Am·

116 3368 210 3426 biorix
237 3385 303 3423 cum
330 3366 447 3422 Titurio
471 3374 578 3440 egerat,
601 3363 834 3432 commemorant,
863 3367 995 3418 ‘omnem
1022 3379 1084 3418 esse
1111 3361 1142 3417 in

36 3485 38 3490 ·
117 3459 204 3517 armis
221 3458 356 3526 Galliam,
370 3457 530 3513 Germanos
555 3454 691 3510 Rhenum
715 3453 859 3522 transisse,
874 3451 997 3508 Caesaris
1021 3452 1142 3526 reliquo·

116 3567 238 3624 rumque
253 3549 372 3605 hiberna
392 3546 568 3622 oppugnari!
611 3545 729 3601 Addunt
754 3545 839 3601 etiam
863 3544 898 3600 de
919 3543 1020 3599 Sabini
1041 3553 1140 3597 morte.

116 3640 316 3716 Ambiorigem
339 3647 483 3695 ostentant
513 3637 578 3693 fidei
607 3635 748 3694 faciunda
783 3636 889 3692 causti:
926 3633 1050 3690 ‘Errare
1074 3629 1139 3686 eos'

115 3734 227 3803 dicunt,
249 3731 291 3789 ‘si
313 3731 467 3805 quidquam
491 3730 525 3786 ab
547 3729 591 3785 his
615 3727 738 3804 preasidii
760 3737 883 3802 sperent,
906 3724 955 3798 qui
977 3722 1037 3779 suis
1056 3721 1142 3777 rebus

115 3825 262 3895 diffidaut;
284 3836 347 3881 sese
360 3833 456 3879 tamen
471 3821 526 3878 hoc
546 3839 608 3878 esse
630 3820 659 3876 in
680 3819 854 3876 Ciceronem
873 3813 1068 3890 populumque
1081 3809 1142 3868 tto-

116 3935 233 3975 manum
248 3915 353 3984 animo,
369 3923 400 3972 ut
420 3912 491 3970 nihil
515 3901 576 3970 nisi
594 3912 715 3968 hiberna
738 3914 981 3978 recusantesque
1001 3900 1076 3963 bunc
1099 3900 1141 3960 in·
