2566 4270
133 325 201 383 on.
217 327 331 394 co-arq
511 325 619 378 arnna
640 307 785 379 srxru's.
1106 327 1163 388 107

131 470 274 533 Ubiorum
299 471 493 544 contingebat,
517 471 547 530 in
571 471 780 548 longitudinem
804 469 910 547 pedum
932 469 985 528 CO
1009 469 1161 542 rescindit3

133 577 220 640 atque
234 566 265 621 in
279 575 407 621 extremo
419 575 505 638 ponte
525 564 626 619 turrim
648 563 839 620 tabulatorum
861 573 981 636 quatuor
1003 564 1161 633 constituit,

130 655 356 733 praesidiumque
377 655 538 710 cohortium
559 653 619 710 XII
640 654 735 728 pontis
756 653 856 710 tuendi
877 654 966 709 causti
979 655 1069 729 ponit,
1085 673 1162 730 mag·

132 747 237 821 nisque
257 763 323 802 eum
344 745 440 802 locum
461 744 668 802 munitionibus
688 743 788 801 firmat.
830 744 867 801 Ei
887 745 953 802 loco
972 745 1161 820 praesidioque

132 838 170 894 C.
199 837 364 893 Volcatium
398 834 519 892 Tullum
551 835 760 892 adolescentem
795 835 939 911 praefecit:
975 836 1045 910 ipse,
1073 855 1161 910 quum

132 937 326 986 maturescere
349 925 492 984 frumenta
513 925 682 1000 inciperent,
706 926 741 982 ad
762 927 869 982 bellum
896 927 1073 1004 Ambiorigis
1099 945 1162 1002 pro-

133 1019 237 1089 fectus,
254 1016 317 1094 [per
331 1017 520 1074 Arduennam
535 1016 644 1087 silvam,
660 1036 722 1090 quae
738 1029 781 1075 est
799 1017 888 1074 totius
906 1017 1007 1074 Gallim
1028 1019 1161 1088 maxima,

134 1121 220 1184 atquc
241 1110 277 1166 ab
296 1107 366 1184 ripis
384 1107 485 1165 Rheni
506 1107 668 1181 finibusque
689 1106 875 1165 Trevirorum
898 1107 933 1166 ad
954 1107 1078 1166 Nervios
1101 1127 1163 1184 per·

132 1201 216 1270 tinet,
231 1199 413 1274 millibusque
428 1197 550 1274 amplius
570 1198 598 1256 D
620 1199 649 1256 in
670 1199 879 1276 longitudinem
899 1201 1000 1280 patet,]
1017 1199 1050 1256 L,
1067 1199 1163 1258 Minu·

133 1291 213 1350 cium
227 1291 354 1348 Basilum
373 1309 440 1348 cum
461 1291 538 1348 omni
560 1291 688 1364 equitatu
708 1291 865 1366 praemittit,
880 1290 904 1347 si
924 1291 992 1365 quid
1015 1291 1161 1350 celeritate

133 1382 246 1440 itineris
267 1392 352 1457 atque
372 1382 584 1458 opportunitate
607 1383 744 1456 temporis
764 1381 902 1457 proficere
925 1382 1031 1457 possit;
1053 1395 1160 1454 monet,

133 1483 166 1531 ut
180 1474 261 1552 ignes
275 1473 335 1531 lieri
350 1473 380 1531 in
395 1473 495 1530 castris
513 1473 672 1548 prohibeat,
686 1491 723 1530 ne
744 1492 800 1548 qua
820 1474 881 1548 ejus
902 1473 1040 1531 adventius
1059 1475 1159 1549 procul

133 1563 306 1644 significatio
320 1564 387 1622 liat:
408 1583 471 1622 sese
485 1565 637 1621 confestim
651 1564 787 1638 subsequi
801 1565 881 1620 dicit.

174 1657 274 1714 XXX.
302 1655 424 1727 Basilus,
440 1666 472 1712 ut
486 1655 656 1731 imperatum
674 1665 726 1725 est,
743 1655 829 1724 lacit;
852 1655 982 1712 celeriter
1003 1667 1160 1730 contraque
1208 1718 1212 1724 ,

133 1748 260 1806 omnium
275 1747 438 1823 opinionem
455 1746 588 1804 conlecto
602 1747 714 1816 itinere,
726 1746 830 1802 multos
845 1745 875 1801 in
891 1745 966 1821 agris
980 1746 1160 1820 inopinantes

133 1839 338 1916 deprehendit;
361 1857 460 1896 eorum
482 1837 591 1894 in'dicio
614 1837 648 1893 ad
670 1837 762 1912 ipsum
785 1836 983 1912 Ambiorigem
1002 1838 1159 1908 contendit,

132 1951 191 2007 quo
215 1931 244 1987 in
269 1931 334 1988 loco
359 1949 426 1986 curn
447 1929 549 2004 paucis
573 1928 717 2003 equitibus
738 1945 801 1984 esse
824 1927 981 1985 dicebatur.
1024 1927 1159 2001 Multum,

132 2041 221 2098 quum
250 2023 278 2079 in
306 2021 441 2078 omnibus
467 2021 563 2091 rebus,
584 2031 645 2076 turn
673 2019 703 2075 in
731 2037 762 2076 re
788 2019 904 2086 militari
924 2031 1016 2096 potest
1038 2020 1158 2077 fortuna.

132 2113 211 2172 Nam
233 2113 307 2172 sicut
331 2131 437 2190 magno
461 2112 567 2170 accidit
588 2131 667 2182 casu,
690 2121 721 2168 ut
742 2111 770 2168 in
784 2109 884 2186 'ipsum
906 2111 1054 2169 incautum
1076 2123 1160 2186 atquc

132 2205 219 2264 etiam
234 2207 403 2282 imparatum
418 2203 568 2274 incideret,
582 2202 720 2279 priusque
741 2203 803 2278 ejus
824 2203 961 2260 adventus
983 2204 1018 2260 ab
1040 2203 1161 2260 homini·

132 2299 187 2354 bus
207 2297 349 2354 videretur
347 2315 467 2397 quam
488 2295 563 2352 samd
590 2305 637 2352 aut
659 2295 775 2351 nunciis
797 2295 962 2364 afferretur;
985 2295 1028 2351 sic
1048 2313 1159 2370 magnae

132 2389 187 2446 fuit
207 2389 337 2458 sortunae,
347 2342 430 2444 omni
450 2386 566 2442 militari
589 2385 787 2454 instrumento,
802 2385 877 2458 qnod
900 2386 1013 2441 circum
1031 2404 1062 2442 se
1077 2385 1161 2442 habe-

132 2480 181 2537 bat
183 2491 313 2554 „erepto
327 2478 424 2534 rhedis
438 2477 576 2549 equisque
591 2475 834 2548 comprehensis,¹
829 2493 921 2548 rpsum
942 2475 1068 2550 effugere
1090 2495 1161 2531 mor·

131 2583 200 2630 tem.
242 2571 301 2627 Sed
315 2569 372 2625 hoc
386 2567 421 2624 ed
441 2567 548 2622 iactum
569 2576 621 2633 est,
637 2564 723 2637 quod,
739 2566 860 2622 aedilicio
880 2566 1059 2622 circumdato
1080 2566 1160 2633 silvai,

133 2663 181 2739 (ut
194 2670 261 2716 sunt
275 2657 333 2715 lere
349 2655 496 2712 domicilia
519 2655 678 2724 Gallorum,
693 2655 741 2728 qui
765 2655 872 2712 vitandi
894 2654 980 2711 aestds
1001 2657 1089 2711 causei
1104 2657 1162 2730 ple-

132 2749 257 2823 rumque
277 2748 411 2805 silvarum
433 2765 467 2802 ac
487 2744 636 2802 fluminum
659 2755 761 2820 petunt
776 2745 1026 2824 propinquitates)
1043 2748 1161 2805 comites

135 2837 385 2914 familiaresque'
360 2856 421 2914 ejus
436 2847 557 2914 angusto
571 2836 600 2893 in
614 2837 679 2894 loco
693 2837 837 2912 paulisper
852 2837 979 2912 equiturn
1000 2849 1161 2897 nostrorum

134 2931 192 2990 vim
213 2931 416 2989 sustinuerunt.
458 2928 514 2986 His
534 2929 738 3022 pugnantibus,
760 2929 870 2986 illurn
863 2948 892 2986 rn
918 2947 1022 3003 equum
1045 2930 1161 3006 quidam

133 3042 168 3081 ex
183 3023 241 3080 suis
262 3023 375 3081 intulit:
398 3001 554 3098 fugientem
573 3021 653 3078 silvae
675 3031 816 3078 texerunt
858 3021 909 3078 Sic
934 3021 1016 3079 etad
1038 3023 1162 3081 subeun-

132 3113 200 3171 dum
214 3115 374 3190 periculum
388 3125 416 3172 et
432 3113 465 3170 ad
481 3113 629 3170 vitandum
643 3113 765 3169 multum
780 3111 894 3170 fortuna
907 3113 1002 3172 valuit.

171 3205 288 3264 XXXI.
317 3205 469 3281 Ambiorix
505 3204 604 3279 copias
630 3223 697 3260 suas
720 3203 869 3280 judicione
895 3224 954 3262 non
981 3188 1160 3278 conduxerit,

132 3296 209 3372 qudd
223 3297 323 3371 proelio
337 3275 533 3353 dimicandum
548 3313 606 3351 non
621 3294 799 3367 existimarit,
816 3315 850 3352 an
870 3306 997 3372 tempore
1017 3299 1160 3370 exclusus,

132 3398 161 3444 et
174 3387 324 3462 repentino
338 3387 466 3460 equitum
483 3386 605 3443 adventu
626 3385 797 3460 prohibitus,
812 3406 900 3462 quum
920 3388 1062 3463 reliquum
1083 3409 1161 3448 exer-

132 3477 222 3534 citum
237 3477 372 3549 subsequi
393 3477 533 3547 crederet,
547 3476 667 3534 dubium
688 3489 748 3535 est:
770 3479 820 3535 sed
841 3477 931 3554 certe,
947 3479 1021 3538 cldrn
1036 3482 1161 3538 dimissis

131 3586 183 3644 per
198 3585 280 3642 agros
294 3567 418 3637 nunciis,
434 3567 488 3624 sibi
504 3587 646 3642 quemque
666 3569 817 3628 consulere
834 3570 937 3646 jussit:
960 3591 1081 3646 quorum
1095 3591 1161 3646 pars

132 3659 163 3716 in
186 3657 373 3714 Arduennam
395 3658 505 3729 silvam,
529 3677 594 3734 pars
619 3659 648 3717 in
672 3663 852 3720 continentes
875 3663 995 3738 paludes
1017 3661 1159 3736 profugit}

131 3748 180 3824 qui
203 3749 326 3824 proximi
349 3746 501 3806 Oceanum
526 3749 650 3821 fuerunt,
671 3751 701 3810 hi
725 3752 825 3810 insulis
846 3771 909 3810 sese
933 3753 1159 3824 occultaverunt,

131 3857 203 3915 quas
217 3852 303 3898 aestus
319 3839 434 3898 efficere
454 3839 649 3900 consuerunt:
671 3843 764 3913 multi,
780 3863 815 3900 ex
836 3843 895 3900 suis
916 3841 1020 3898 finibus
1041 3845 1159 3920 egressi,

131 3947 164 3988 se
189 3949 297 4006 susque
322 3929 421 3994 omnis
447 3931 629 3992 alienissimis
660 3933 852 3991 crediderunt.
907 3931 1083 4000 Cativolcus.
1112 3955 1159 3994 rex
