2566 4270
126 294 204 344 Uar.
219 293 333 357 sa-35.]
493 294 602 346 LIBER
624 297 792 358 QUINTUS,-
1115 304 1166 378 ᾗ

123 446 260 512 possent,
282 435 429 513 jusserunt
451 439 654 513 pronunciare,
679 451 711 498 ut
733 441 938 516 impedimenta
960 442 1164 521 relinquerent,

118 539 220 602 ¹atque
235 528 265 585 in
279 529 378 586 orbern
393 530 589 590 consisterent.
630 532 721 591 Quod
731 533 889 600 ¹consilium
903 534 956 592 etsi
974 535 1003 592 in
1024 537 1164 612 ejusmodi

125 637 204 676 nasu
219 620 485 694 reprehendendum
499 639 558 676 non
572 631 625 691 est,
639 632 735 680 tamen
755 623 937 682 incommode
953 627 1075 687 accidit:
1097 648 1164 690 nam

118 721 160 768 et
174 711 283 768 nostris
296 711 435 768 militibus
448 729 528 786 spem
543 712 656 784 minuit,
671 724 699 770 et
714 714 809 773 hostes
821 716 855 772 ad
870 735 996 792 pugnarn
1011 719 1163 777 alacriores

125 801 240 871 effecit,
255 799 332 876 qudd
347 819 405 857 non
419 801 482 858 sine
495 821 609 860 summo
622 805 726 862 timore
740 816 768 864 et
785 807 984 882 desperatione
1005 807 1034 864 id
1056 809 1161 866 sactum

124 891 291 950 videbatur.
332 891 476 950 Praeterea
491 894 606 965 accidit,
621 896 696 970 quod
718 896 780 956 fieri
800 915 920 956 necesse
940 910 1010 969 erat,
1025 909 1057 958 ut
1076 899 1162 977 rulgb

124 982 241 1042 milites
263 983 298 1040 ab
321 983 412 1060 signis
436 984 628 1056 discederent,
653 1006 715 1062 quae
743 988 864 1062 quisque
890 1007 989 1046 eorum
1016 989 1161 1048 carissima

116 1073 263 1144 baberet,
291 1074 326 1132 ab
353 1074 566 1150 impedimentis
592 1088 690 1152 petere
718 1088 803 1152 atque
833 1079 962 1154 abripere
988 1089 1153 1156 properaret
1226 1105 1236 1113 ·

124 1165 262 1224 elamore
283 1184 317 1222 ac
338 1165 407 1223 fletu
427 1167 526 1224 omnia
546 1168 766 1244 complerentur.

168 1256 320 1315 XXXIV.
349 1258 390 1316 At
417 1258 546 1320 barbaris
573 1261 726 1318 consilium
754 1280 812 1318 non
840 1261 950 1320 defuit:
979 1281 1046 1323 nam
1073 1262 1163 1322 duces

123 1364 233 1406 eorum
249 1349 309 1406 totis
324 1349 387 1406 acie
407 1351 600 1425 pronunciare
621 1351 777 1428 jusserunt,
799 1359 854 1409 ‘ne
875 1353 939 1428 quis
964 1353 999 1410 ab
1022 1354 1088 1411 loco
1107 1353 1164 1414 dis·

122 1439 269 1498 cederet:
291 1440 404 1498 illorum
418 1459 481 1500 esse
494 1442 630 1517 praedam,
647 1454 730 1518 atque
745 1444 801 1500 illis
814 1445 962 1514 reservari,
974 1463 1163 1519 quaecumque

124 1531 263 1590 Romani
285 1532 485 1606 reliquissent:
506 1534 627 1609 proinde
647 1536 743 1592 omnia
763 1535 793 1592 in
814 1536 934 1594 victorii
955 1535 1048 1610 posita
1067 1536 1162 1594 existi·

125 1625 262 1684 marent'
305 1623 395 1681 Erant
416 1634 446 1682 et
465 1625 569 1683 virtute
590 1635 619 1682 et
640 1643 761 1690 numero
773 1627 929 1702 pugnando
949 1644 1050 1701 pares:
1072 1627 1162 1684 nostri

125 1714 298 1773 tamenetsi
320 1715 355 1771 ab
376 1715 451 1772 duce
471 1725 500 1772 et
524 1735 542 1772 a
562 1716 675 1774 fortuni
701 1717 914 1786 deserebantur,
928 1727 1025 1774 tamen
1048 1735 1162 1774 omnem

125 1824 213 1882 spem
235 1807 336 1864 salutis
358 1806 388 1863 in
414 1807 519 1864 virtute
542 1808 697 1882 ponebant,
718 1820 756 1878 et,
781 1807 892 1882 quoties
916 1826 1036 1881 quaeque
1060 1808 1163 1864 cohors

126 1909 326 1973 procurreret,
355 1898 391 1954 ab
419 1898 454 1956 ea
478 1910 559 1974 parte
581 1917 703 1975 magnus
730 1899 854 1959 hostiurn
874 1917 1011 1956 numerus
1031 1897 1160 1957 cadebat

125 1989 203 2051 Qua
228 2007 259 2046 rc
285 1989 492 2061 animadversi,
517 1989 668 2046 Ambiorix
692 1989 877 2066 pronunciari
898 1989 989 2066 jubet,
1011 2000 1042 2045 ut
1061 1989 1160 2065 procul

127 2081 192 2140 tela
205 2081 370 2156 conjiciant,
385 2099 442 2138 neu
456 2081 574 2158 propiirs
590 2082 745 2151 accedant;
768 2092 797 2138 et
818 2099 902 2156 quam
924 2081 953 2138 in
973 2091 1081 2156 partem
1101 2079 1162 2138 Ito·

128 2173 212 2230 mani
227 2173 363 2248 impeturn
379 2173 508 2244 fecerint,
523 2174 643 2232 cedant:
665 2173 780 2232 levitate
795 2192 937 2230 armorum
951 2183 980 2230 et
994 2171 1161 2246 quotidiana

130 2264 338 2322 exercitatione
351 2265 422 2322 nibil
437 2265 472 2323 iis
486 2267 585 2322 noceri
605 2284 709 2340 posse:
730 2285 829 2323 rursus
852 2284 884 2324 se
909 2265 944 2320 ad
965 2265 1049 2340 signa
1070 2263 1162 2336 recip-

130 2355 226 2414 ientes
240 2356 434 2430 insequantur.

172 2446 303 2504 XXXV.
330 2447 401 2508 Quo
414 2457 559 2522 praecepto
574 2447 608 2502 ab
621 2446 656 2502 iis
667 2445 885 2521 diligentissime
901 2448 1060 2517 observato,
1072 2465 1161 2520 quum

130 2539 275 2613 quaepiam
300 2539 404 2594 cohors
427 2555 463 2592 cx
484 2537 553 2591 orbe
577 2547 738 2592 excesserat
766 2549 851 2609 atque
878 2537 1016 2610 impeturn
1043 2537 1160 2608 iecerat,

131 2629 231 2686 hostes
254 2625 434 2684 velocissime
460 2625 649 2700 refugiebant.
691 2624 809 2682 Interim
832 2644 895 2682 earn
921 2635 1032 2700 partem
1058 2627 1161 2684 nudari

131 2737 254 2777 necesse
268 2727 338 2788 erat,
353 2727 382 2773 et
396 2717 431 2772 ab
444 2716 534 2776 latere
555 2725 653 2790 aperto
666 2716 723 2772 tela
743 2716 841 2790 recipi.
884 2715 1008 2786 Rursus,
1022 2709 1161 2789 quum'in

133 2827 202 2865 eum
217 2809 323 2877 locum,
338 2807 414 2864 unde
429 2818 510 2866 erant
530 2807 648 2884 egressi,
662 2808 772 2866 reverti
782 2816 937 2882 coeperant,
953 2815 981 2863 et
1000 2807 1036 2862 ab
1050 2806 1095 2878 iis,
1110 2809 1160 2882 qui

134 2909 290 2970 cesserant,
306 2911 334 2957 et
355 2901 390 2956 ab
411 2899 456 2971 iis,
472 2900 520 2976 qui
534 2900 657 2975 proximi
678 2910 825 2969 steterant,
841 2898 1158 2970 circumveniebantur3

133 2990 179 3048 sin
201 3001 294 3048 autern
308 2992 403 3050 locum
418 3003 516 3050 tenere
530 2993 644 3064 vellent,
659 3011 715 3049 nec
728 2991 824 3048 virtuti
840 2991 921 3047 locus
936 2990 1158 3063 relinquebatur,

132 3101 227 3157 neque
242 3084 276 3140 ab
291 3084 369 3142 tanta
383 3084 566 3142 multitudine
578 3085 710 3159 conjecta
719 3083 777 3140 tela
788 3082 908 3140 conserti
920 3082 1009 3139 vitare
1018 3091 1158 3157 poterant.

131 3174 247 3232 Tamen
261 3186 303 3233 tot
324 3176 515 3234 incommodis
536 3175 704 3246 conflictati,
719 3174 816 3232 multis
837 3173 1001 3231 vulneribus
1022 3173 1158 3248 acceptis,

131 3268 320 3337 resistebant;
342 3278 371 3325 et
392 3267 498 3343 magna
520 3277 601 3342 parte
625 3265 683 3322 diei
707 3265 886 3340 consumpti,
911 3283 998 3338 quum
1027 3263 1159 3338 aprima

131 3358 198 3415 luce
220 3359 255 3414 ad
278 3359 378 3415 horam
401 3369 532 3416 octavam
553 3367 738 3433 pugnaretur,
752 3357 834 3427 nihil,
850 3356 925 3430 quod
946 3355 1015 3430 ipsis
1029 3366 1103 3412 esset
1117 3355 1160 3410 in·

132 3450 262 3525 dignum,
278 3449 503 3506 committebant.
545 3448 624 3505 Tum
638 3447 675 3506 T.
688 3449 846 3518 Balventio,
859 3447 907 3521 qui
922 3446 1068 3520 superiore
1083 3461 1159 3502 anno

131 3541 256 3616 primum
269 3540 359 3615 pilum
374 3541 502 3611 duxerat,
517 3541 578 3596 viro
592 3540 656 3597 sorti
671 3550 699 3597 et
718 3559 831 3616 magnae
851 3537 1036 3606 auctoritatis,
1052 3547 1159 3591 utrum-

132 3651 189 3708 que
207 3631 298 3689 femur
319 3631 430 3707 tragula
451 3632 642 3708 transjicitur:
663 3631 702 3693 Q.
719 3631 877 3699 Lucanius,
892 3628 1019 3704 ejusdem
1039 3623 1157 3693 ordinis,

132 3716 286 3783 fortissime
301 3743 442 3800 pugnans,
458 3723 525 3780 dum
541 3724 737 3780 circumvento
747 3723 806 3779 filio
817 3720 958 3787 subvenit,
972 3714 1157 3772 interficitur:

131 3816 165 3876 L.
182 3815 277 3887 Cotta,
292 3815 413 3891 legatus,
428 3835 527 3872 omnes
544 3815 676 3873 cohortes
696 3815 869 3886 ordinesque
890 3809 1052 3876 adhortans,
1067 3804 1097 3862 in
1111 3802 1159 3862 ad·

131 3927 245 3966 versum
259 3927 292 3966 os
306 3907 394 3965 fundi
409 3908 581 3965 vulneratur.

446 3997 467 4056 Β
