2578 4270
135 283 177 344 aa
470 281 517 330 nn
539 281 654 332 enarro
677 281 837 332 eunuco
967 283 1047 348 [cn.
1063 283 1177 334 atr-an

137 423 223 501 adjici
248 433 353 500 posset.
405 423 495 480 Hunc
525 425 561 482 ad
587 424 793 500 egrediendum
819 442 1000 500 nequaquam
1027 423 1175 489 idoneum

138 517 289 572 arbitratus
303 515 409 585 locum,
424 515 493 570 dum
507 515 623 588 reliquae
638 534 725 570 nares
739 514 773 571 ed
796 517 992 586 convenirent,
1009 517 1045 572 ad
1065 515 1173 574 horam

109 606 242 662 'nonam
270 607 300 662 in
328 605 441 662 ancoris
474 606 656 679 exspectavit.
697 605 816 662 Interim
849 605 952 682 legatis
985 607 1181 685 tribunisque.

137 692 260 752 militurn
287 696 461 766 convocatis,
490 707 519 752 et
546 715 609 769 quae
633 715 669 751 ex
692 695 839 752 Voluseno
863 696 1026 772 cognosset,
1048 688 1246 1026 ειη

137 787 198 844 lieri
219 788 313 858 vellet,
331 787 465 857 ostendit,
481 787 658 861 monuitque,
674 797 705 842 ut
725 787 766 842 rei
787 787 919 844 militaris
940 789 1023 858 ratio,
1038 807 1069 844 ur
1108 785 1116 806 ”
1153 864 1158 872 ι

137 889 168 934 ut
182 879 330 934 maritimae
345 895 390 933 res
409 877 594 954 postularent,
609 889 640 933 ut
661 896 723 950 quae
748 877 871 934 celerem
896 889 980 951 atque
1001 878 1172 940 instabilem

137 980 245 1024 motum
261 969 409 1038 haberent,
425 967 460 1022 ad
474 977 575 1022 nutum
591 978 620 1023 et
635 967 670 1022 ad
683 977 796 1040 tempus
817 986 917 1024 omnes
937 987 983 1024 res
1005 969 1041 1024 ab
1061 969 1098 1025 iis
1118 967 1186 1026 adr·
1204 986 1206 988 ·

138 1059 374 1116 ministrarentur.
416 1057 473 1114 His
487 1057 621 1128 dimissis,
636 1068 664 1114 et
678 1067 794 1114 ventum
807 1069 837 1114 et
850 1069 949 1114 testum
964 1078 1023 1116 uno
1035 1069 1168 1134 tempore

137 1162 240 1206 nactus
254 1149 423 1220 secundum,
438 1149 505 1205 dato
519 1149 602 1224 signo
616 1159 645 1205 et
659 1147 778 1206 sublatis
799 1149 922 1219 ancoris,
937 1149 1053 1206 circiter
1074 1151 1169 1210 millia

137 1258 271 1313 passuum
285 1239 344 1296 VII
360 1240 394 1294 ab
408 1257 444 1296 eo
456 1240 522 1296 loco
534 1257 710 1315 progressus,
722 1250 820 1313 aperto
834 1257 868 1298 ac
881 1239 968 1314 plano
980 1240 1063 1296 litore
1077 1259 1168 1300 naves

137 1329 294 1388 constituit.

176 1419 290 1476 XXIV.
318 1419 360 1476 At
374 1419 497 1489 barbari,
512 1420 633 1476 consilio
653 1420 853 1476 Romanorum
874 1421 1001 1497 cognite,
1015 1423 1167 1497 premisso

137 1511 265 1583 equitatu
281 1520 309 1566 et
324 1510 484 1580 essedariis,
500 1530 556 1584 quo
569 1509 738 1588 plerirmque
752 1530 858 1586 genere
873 1513 902 1568 in
916 1513 1024 1586 proeliis
1039 1515 1081 1569 uti
1097 1533 1167 1570 con·

137 1597 267 1671 suerunt,
282 1601 399 1674 reliquis
420 1601 510 1675 copiis
531 1602 687 1672 subsecuti,
702 1614 814 1658 nostros
835 1603 956 1658 navibus
979 1603 1077 1678 egredi
1101 1623 1167 1678 pro-

138 1689 282 1748 hibebant.
325 1691 395 1748 Erat
408 1692 445 1747 ob
467 1692 518 1747 has
543 1711 644 1748 causas
666 1712 777 1748 summa
800 1693 963 1762 difficultas,
978 1692 1055 1765 qnod
1076 1712 1166 1750 naves

136 1795 250 1858 propter
265 1783 492 1859 magnitudinem
506 1783 562 1838 nisi
581 1783 610 1838 in
632 1783 689 1840 alto
707 1784 842 1838 constitui
864 1802 921 1838 non
941 1795 1091 1857 poterant3
1113 1785 1166 1842 mi·

139 1873 238 1931 litibus
258 1886 363 1942 autern,
379 1874 484 1949 ignotis
504 1873 585 1942 locis,
601 1873 744 1946 impeditis
759 1874 900 1943 manibuS,
916 1893 1021 1949 magno
1035 1885 1063 1930 et
1084 1875 1165 1950 gravi

139 1980 280 2018 armornm
295 1982 382 2019 onere
402 1964 553 2037 oppressis
569 1963 652 2019 simul
673 1973 702 2019 et
722 1963 758 2018 de
780 1965 900 2018 navibus
920 1964 1120 2034 desiliendum,
1136 1977 1165 2022 et

139 2051 168 2106 in
183 2049 318 2107 fluctibus
342 2053 566 2123 consistendum,
582 2063 611 2108 et
632 2072 699 2108 cum
721 2053 850 2109 hostibus
873 2064 934 2108 ernt
956 2054 1164 2128 pugnandum:

139 2159 226 2212 quum
243 2141 283 2196 illi
300 2152 347 2196 aut
361 2160 396 2197 ex
411 2143 499 2212 arido,
515 2154 563 2198 aut
576 2143 723 2218 paululum
739 2144 768 2199 in
784 2162 885 2216 aquarn
906 2145 1058 2218 progressi,
1072 2145 1165 2200 omni-

139 2230 192 2285 bus
206 2231 341 2286 membris
355 2232 489 2304 expediti,
504 2233 659 2288 notissimis
673 2233 744 2289 locis
756 2234 890 2290 audacter
905 2234 961 2289 tela
976 2236 1163 2309 conjicerent,

139 2331 167 2375 et
181 2339 268 2394 equos
283 2322 457 2378 insuefactos
471 2323 630 2380 incitarent.
671 2323 789 2383 Quibus
803 2325 888 2380 rebus
906 2326 995 2380 nostri
1009 2327 1162 2400 perterriti,

139 2423 223 2483 atque
238 2411 320 2486 hujus
334 2413 452 2468 omnino
465 2413 578 2488 generis
591 2433 694 2489 pugnae
714 2415 847 2488 imperiti,
863 2434 920 2470 non
941 2415 1041 2471 eadem
1063 2417 1164 2473 alacri-

137 2511 195 2558 tate
224 2522 257 2559 ac
284 2504 388 2574 studio,
411 2505 520 2578 quoin
543 2505 721 2578 pedestribus
748 2505 790 2561 uti
816 2506 924 2579 proeliis
945 2520 1161 2578 consueverant,

137 2594 297 2652 utebantur.

176 2685 274 2742 XXV.
302 2685 391 2747 Quod
406 2687 454 2744 ubi
470 2686 566 2742 Cesar
586 2685 793 2756 animadvertit,
809 2705 895 2742 naves
915 2687 1025 2763 longas,
1041 2708 1161 2762 quarum

137 2785 166 2830 et
180 2776 289 2848 species
303 2788 363 2832 erat
377 2777 504 2833 barbaris
519 2775 689 2844 inusitatior,
701 2786 729 2830 et
744 2787 837 2832 motus
849 2778 884 2832 ad
898 2792 981 2832 ¹usum
992 2779 1160 2852 expeditior,

137 2863 254 2936 paulurn
269 2866 407 2920 removeri
423 2867 457 2921 ab
477 2865 614 2922 onerariis
636 2866 756 2922 navibus
779 2876 808 2921 et
829 2868 914 2924 remis
938 2868 1104 2924 incitariet
1125 2869 1160 2924 ad

137 2953 211 3008 latus
240 2965 367 3028 apertum
394 2953 517 3011 hostiurn
545 2954 690 3025 constitui,
712 2965 796 3028 atque
818 2957 885 3013 inde
913 2957 1016 3027 lundis,
1039 2958 1159 3032 sagittis,
1193 3015 1197 3020 ,

138 3043 295 3112 tormentis,
311 3044 406 3100 hostes
418 3045 537 3118 propelli
552 3065 585 3102 ac
604 3046 764 3102 submoveri
782 3046 884 3120 jussit:
907 3067 969 3121 quaa
990 3067 1035 3104 res
1054 3068 1161 3123 magno

115 3189 116 3193 ,
138 3132 202 3188 usui
217 3133 320 3190 nostris
335 3134 395 3190 snit.
436 3134 466 3190 N
470 3154 514 3191 am
528 3147 557 3192 et
570 3136 685 3192 navium
705 3136 796 3212 figura
818 3148 847 3194 et
867 3156 1011 3194 remorum
1032 3149 1110 3194 motu
1132 3149 1160 3195 et

133 3222 274 3295 ¹inusitato
301 3242 405 3298 genere
431 3236 637 3282 tormentorum
667 3228 787 3300 permoti
819 3227 932 3283 barbari
960 3229 1158 3298 constiterunt,

140 3331 173 3368 ac
200 3310 317 3386 pauldm
344 3313 432 3391 modb
449 3316 553 3390 pedem
573 3316 738 3374 retulerunt.
781 3318 877 3390 Atque
898 3318 1001 3372 nostris
1022 3319 1160 3374 militibus

139 3399 495 3476 cunctantibus‚“maximd
517 3417 630 3480 propter
654 3406 832 3464 altitudinem
853 3407 949 3476 maris,
971 3407 1019 3480 qni
1040 3407 1159 3464 decimae

138 3493 259 3568 legionis
287 3493 409 3567 aquilam
430 3496 546 3564 ferebat,
571 3507 746 3552 contestatus
767 3497 845 3565 deos,
868 3508 955 3553 ntea
981 3516 1026 3552 res
1053 3497 1159 3572 legioni

139 3585 259 3642 feliciter
270 3585 412 3643 eveniret:
434 3594 452 3618 “
462 3585 610 3655 Desilite,”
624 3586 725 3658 inquit,
742 3594 759 3618 “
773 3588 991 3655 commilitones,
1006 3587 1061 3642 nisi
1076 3588 1159 3644 vultis

139 3677 262 3750 aquilam
284 3676 412 3733 hostibus
431 3676 571 3752 prodere:
593 3693 647 3750 ego
668 3675 746 3732 certe
770 3695 865 3732 meum
890 3677 1054 3750 reipublicae
1077 3689 1176 3750 atque.

91 3815 94 3821 .
139 3767 301 3842 imperatori
321 3767 447 3824 officium
467 3767 651 3842 praestitero.”
694 3765 761 3822 Hoc
781 3784 868 3838 quum
883 3767 987 3840 magna
1009 3785 1079 3822 voco
1101 3767 1159 3822 diro

139 3867 216 3926 isset,
230 3876 266 3914 err
278 3858 343 3914 navi
358 3876 389 3914 se
405 3856 536 3934 projecit,
552 3865 636 3928 atque
657 3855 688 3912 in
705 3855 801 3910 hostes
822 3855 945 3928 aquilam
969 3855 1042 3910 ferre
1064 3856 1157 3930 coepit
