2578 4270
149 293 189 350 30
475 291 523 340 nn
546 289 661 341 annno
685 291 845 344 onnmco
882 264 885 270 ’
981 295 1059 362 [ers.
1077 295 1183 344 rs-rs

150 442 280 501 conatus,
296 429 372 506 qubd
393 451 514 488 vacuum
537 435 573 489 ab
597 434 796 491 defensoribus
817 454 879 492 esse
906 435 1049 507 audiebat,
1063 445 1185 513 propter

150 523 328 580 latitudinem
352 523 432 579 fossae
446 525 589 598 murique
612 524 802 595 altitudinem,
822 527 923 602 paucis
946 528 1185 598 defendentibus,

150 632 313 690 expugnare
327 633 384 670 non
405 615 506 689 potuit.
548 615 658 671 Castris
683 616 809 686 munitis,
824 617 922 673 vineas
947 637 1041 693 agere,
1056 637 1185 692 quaeque

150 704 184 760 ad
200 705 422 780 oppugnandum
438 706 502 761 usui
516 715 606 774 erant,
622 724 788 780 comparare
806 707 900 781 coepit.
942 707 1060 764 Interim
1084 710 1183 766 omnis

149 813 183 851 ex
199 796 266 872 suga
282 797 469 852 Suessionum
485 796 637 851 multitudo
652 797 680 851 in
695 797 831 870 oppidum
852 797 981 871 proxima
1003 810 1090 856 nocte
1111 819 1183 856 con·

150 887 233 943 venit.
275 887 414 943 Celeriter
436 887 526 944 vineis
548 887 582 941 ad
603 887 738 960 oppidum
761 888 842 956 actis,
865 907 968 964 aggere
985 889 1074 964 jacto,
1095 891 1182 946 turri-

149 976 257 1050 busque
279 978 451 1047 constitutis,
473 977 671 1052 magnitudine
693 995 821 1051 operum,
843 997 907 1052 quaa
930 997 1024 1051 neque
1046 979 1181 1036 viderant

148 1067 213 1123 ante
228 1067 314 1137 Galli,
330 1087 422 1141 neque
438 1068 595 1136 audierant,
611 1078 639 1124 et
653 1067 799 1124 celeritate
820 1067 1020 1124 Romanorum
1041 1070 1178 1143 permoti,

147 1157 255 1233 legatos
271 1159 304 1213 ad
320 1159 463 1215 Casarem
475 1159 510 1214 de
522 1159 667 1214 deditione
681 1158 812 1227 mittunt;
835 1169 872 1228 et,
884 1159 1047 1232 petentibus
1060 1159 1178 1231 Remis,

147 1259 178 1303 ut
193 1259 438 1318 conservarentur,
454 1250 613 1323 impetrant.
739 1307 749 1314 ,

186 1338 270 1394 ΧΙΙΙ.
300 1339 407 1408 Caesar,
422 1339 569 1394 obsidibus
585 1339 719 1414 acceptis,
734 1329 833 1414 primis
848 1340 971 1398 civitatis
986 1352 1070 1416 atque
1085 1342 1179 1418 ipsius

146 1429 245 1485 Galba
261 1431 335 1506 regis
350 1431 462 1486 duobus
475 1429 550 1500 liliis,
567 1430 709 1504 armisque
723 1431 856 1488 omnibus
870 1451 906 1488 ex
926 1434 1030 1508 oppido
1051 1435 1177 1505 traditis,

147 1521 176 1575 in
191 1521 365 1578 deditionem
388 1521 557 1576 Suessiones
580 1521 700 1596 accepit,
715 1522 931 1596 exercitumque
952 1524 981 1579 in
1005 1523 1177 1582 Bellovacos

146 1611 234 1668 ducit.
275 1612 338 1672 (tui
354 1631 441 1686 quum
457 1631 487 1667 se
502 1630 609 1684 suaque
623 1612 721 1668 omnia
735 1611 764 1666 in
779 1613 916 1686 oppidum
937 1613 1174 1688 Bratuspantium

146 1703 343 1772 contulissent,
360 1714 444 1776 atque
463 1703 497 1758 ab
518 1721 553 1758 eo
574 1702 679 1776 oppido
702 1703 798 1758 Caesar
820 1721 885 1758 cum
907 1705 1033 1760 exercitu
1056 1705 1175 1762 circiter

146 1795 234 1849 millia
248 1814 381 1869 passuum
398 1795 525 1867 quinque
540 1794 660 1861 abesset,
676 1812 775 1849 omnes
790 1794 910 1868 majores
924 1803 1003 1862 natu,
1018 1811 1053 1850 ex
1067 1795 1176 1868 oppido

146 1887 262 1958 egressi,
278 1904 379 1940 manus
394 1885 428 1939 ad
444 1885 586 1939 Caesarem
601 1883 718 1940 tendere
730 1895 758 1940 et
769 1902 839 1940 voce
850 1883 1013 1958 significare
1023 1896 1174 1958 coeperunt

146 1993 208 2030 sese
223 1975 251 2028 in
266 1975 326 2048 ejus
341 1975 424 2030 fidem
442 1993 475 2029 ac
489 1985 658 2048 potestatem
676 1975 784 2043 venire,
800 1993 893 2047 neque
914 1986 1015 2030 contra
1033 1977 1173 2050 populum

146 2063 310 2118 Romanum
328 2065 412 2120 armis
430 2065 611 2120 contendere.
653 2064 736 2134 Item,
752 2083 838 2137 quum
862 2065 895 2120 ad
918 2066 1053 2138 oppidum
1076 2085 1174 2122 acces-

145 2155 236 2223 sisset,
252 2165 401 2226 castraqoe
416 2155 454 2209 ibi
469 2167 596 2228 poneret,
611 2155 692 2230 pueri
711 2155 901 2228 mulieresque
922 2174 957 2212 ex
978 2175 1060 2212 muro
1079 2151 1172 2232 passis

146 2246 276 2300 manibus
291 2265 343 2300 suo
357 2263 435 2300 more
449 2264 548 2319 pacem
566 2247 600 2300 ab
615 2245 756 2302 Romanis
769 2246 921 2320 petierunt.

184 2335 265 2392 XIV.
294 2336 351 2391 Pro
375 2335 419 2392 his
446 2336 608 2392 Divitiacus
631 2335 709 2411 (nam
734 2347 797 2410 post
821 2337 979 2394 discessum
1005 2339 1170 2416 Belgarum,
1253 2378 1256 2383 -

144 2427 268 2482 dimissis
282 2426 443 2482 AEduorum
459 2427 558 2500 copiis,
575 2427 609 2482 ad
624 2446 688 2482 eum
705 2429 871 2504 reverterat)
884 2428 953 2483 facit
964 2430 1065 2486 verba:
1087 2431 1171 2486 ‘Bel-

144 2517 257 2574 lovacos
277 2518 354 2595 omni
377 2529 503 2592 tempore
526 2517 555 2572 in
577 2517 632 2573 lide
658 2529 742 2590 atque
765 2517 893 2574 amicitia
918 2518 1041 2574 civitatis
1066 2519 1169 2577 AEduae

144 2609 246 2667 fuisse:
277 2610 412 2684 impulsos
440 2629 456 2664 a
480 2609 539 2666 suis
558 2609 752 2683 principibus,
778 2608 826 2681 qui
852 2608 981 2664 dicerent
1006 2609 1126 2679 AEduos,
1152 2629 1169 2668 a

143 2699 257 2756 Caesare
273 2701 300 2755 in
316 2702 479 2756 servitutem
494 2700 635 2768 redactos,
650 2717 750 2754 omnes
768 2699 953 2773 indignitates
968 2701 1168 2758 contumelias-

144 2807 198 2860 que
212 2790 346 2862 perserre,
362 2801 390 2845 et
406 2791 439 2845 ab
455 2791 558 2845 AEduis
572 2789 721 2858 defecisse,
737 2799 765 2844 et
778 2789 884 2862 populo
905 2789 1040 2846 Romano
1061 2791 1166 2848 bellum

144 2879 280 2934 intulisse.
322 2879 385 2938 Qui
406 2877 489 2952 hujus
504 2881 615 2941 consilii
634 2879 779 2953 principes
793 2877 923 2944 fuissent,
938 2878 1015 2952 qudd
1030 2879 1168 2956 intellige·

144 2980 215 3036 rent,
241 2980 373 3040 quantam
398 2969 586 3025 calamitatem
613 2969 720 3025 civitati
745 2968 916 3037 intulissent,
939 2970 968 3024 in
989 2970 1165 3028 Britanniam
1239 3017 1243 3024 .

143 3060 309 3134 profugisse.
352 3059 453 3115 Petere
477 3079 534 3115 non
555 3060 645 3116 sellim
670 3060 847 3128 Bellovacos,
869 3059 918 3114 sed
943 3060 1028 3116 etiam
1050 3061 1166 3135 probis

144 3151 264 3219 AEduOS,
281 3161 311 3206 ut
325 3151 376 3206 sua
392 3151 544 3207 clementia
556 3171 589 3207 ac
601 3151 820 3208 mansuetudine
832 3150 860 3205 in
872 3168 921 3205 eos
933 3160 1035 3206 utatur.
1077 3151 1166 3212 Quod

143 3243 165 3296 si
182 3241 291 3310 fecerit,
308 3240 467 3297 AEduoruin
484 3243 681 3298 auctoritatem
698 3242 771 3316 apud
786 3259 887 3296 omnes
899 3240 1003 3314 Belgas
1015 3240 1167 3313 amplifica·

143 3346 257 3387 turum:
280 3351 399 3404 quorum
416 3332 528 3388 auxiliis
550 3343 633 3406 atque
654 3332 766 3406 opibus,
781 3333 805 3388 si
826 3350 883 3405 qua
905 3329 979 3386 bella
1003 3330 1166 3402 inciderint,

143 3433 302 3478 sustentare
317 3421 501 3478 consuerint!

184 3513 250 3569 XV.
279 3513 375 3568 Caesar
390 3513 505 3568 honoris
529 3512 666 3568 Divitiaci
689 3523 773 3585 atque
795 3513 955 3568 AEduorum
978 3511 1066 3568 causti
1088 3519 1167 3570 ‘sese

143 3624 192 3661 eos
218 3605 245 3660 in
268 3603 351 3660 fidem
377 3613 558 3677 recepturum
581 3614 609 3658 et
631 3605 879 3659 conservaturum'
903 3603 993 3658 dixit:
1015 3603 1075 3672 sed,
1091 3601 1166 3676 qubd

144 3705 204 3750 erat
229 3695 329 3750 civitas
353 3695 456 3770 magnii
480 3695 552 3750 inter
578 3693 681 3767 Belgas
699 3693 883 3762 anctoritate,
912 3703 997 3765 atque
1020 3692 1166 3748 hominum

144 3786 327 3842 multitudine
339 3785 499 3860 prestabat,
516 3783 569 3840 DC
585 3783 699 3840 obsides
718 3783 857 3857 poposcit.
899 3781 955 3840 His
976 3781 1097 3850 traditis,
1112 3800 1168 3838 om·

143 3875 285 3948 nibusque
301 3877 386 3932 armis
399 3893 435 3933 ex
449 3875 555 3949 oppido
576 3873 698 3941 collatis,
715 3873 751 3928 ab
771 3891 807 3928 eo
826 3873 893 3928 loco
913 3871 942 3928 in
960 3871 1032 3928 fines
1053 3871 1168 3928 Ambia-
1242 3918 1246 3922 .
