2578 4270
165 333 229 387 err.
246 336 361 402 ro-sa.]
543 337 650 388 crana
673 337 815 388 narnus.
859 325 862 332 ’
1151 339 1192 398 aa

148 466 250 538 ¹licere
263 481 354 556 jussit.
397 481 519 539 Munitis
534 481 645 552 castris,
661 483 731 539 duas
745 483 784 540 ibi
798 483 928 558 legiones
948 480 1074 555 reliquit,
1089 491 1117 538 et
1130 501 1192 556 par·

163 583 221 628 tem
238 573 425 642 auxiliorum
447 584 567 646 quatuor
582 573 706 648 reliquas
721 574 750 629 in
765 586 859 629 castra
871 573 978 648 majora
991 573 1110 628 reduxit.

203 662 236 719 L.
264 663 398 719 Proximo
413 664 459 719 die
474 665 604 720 instituto
618 683 670 720 suo
691 663 788 720 Caesar
807 683 823 720 e
838 665 937 720 castris
953 663 1079 737 utrisque
1094 663 1192 737 copias

164 772 230 810 suas
244 753 357 823 eduxit;
371 753 547 828 paulirmque
563 755 744 829 amajoribus
755 774 932 832 progressus
945 755 1036 810 aciem
1049 755 1190 824 instruxit,

164 841 349 917 hostibusque
370 845 519 920 pugnandi
540 855 711 920 potestatem
734 846 811 902 fecit.
853 845 911 902 Ubi
935 863 972 901 ne
994 855 1054 901 tum
1076 845 1190 918 quidem

164 952 213 990 eos
234 936 346 1009 prodire
374 936 522 1005 intellexit,
551 933 666 992 circiter
689 937 839 1002 meridiem
861 937 1019 992 exercitum
1042 936 1071 992 in
1099 947 1192 992 castra

164 1027 283 1082 reduxit.
325 1025 405 1082 Tum
425 1025 541 1082 demum
563 1027 727 1083 Ariovistus
752 1037 862 1101 partem
890 1029 1006 1082 suarum
1034 1027 1190 1100 copiarum,

164 1135 226 1190 quae
246 1126 339 1172 castra
358 1117 470 1174 minora
490 1128 678 1192 oppugnaret,
694 1119 792 1174 misit:
815 1118 918 1174 acriter
939 1118 1081 1191 utrimque
1103 1137 1192 1190 usque

165 1208 200 1262 ad
214 1226 362 1282 vesperum
374 1219 534 1283 pugnatum
549 1219 600 1265 est.
643 1209 719 1264 Solis
733 1227 840 1281 occasu
861 1228 927 1264 suas
948 1209 1045 1282 copias
1066 1209 1192 1264 Ariovis-

163 1309 218 1368 tus,
233 1299 331 1354 multis
352 1309 380 1354 et
402 1299 487 1355 illatis
509 1309 537 1356 et
560 1299 686 1374 acceptis
707 1299 882 1369 vulneribus,
903 1299 933 1355 in
956 1310 1049 1356 castra
1070 1299 1190 1355 reduxit.

162 1389 263 1449 Quum
286 1408 321 1444 ex
345 1389 464 1463 captivis
487 1401 626 1463 quaereret
648 1390 755 1460 Caesar,
778 1410 863 1464 quam
887 1391 924 1446 ob
945 1409 1006 1446 rem
1030 1390 1192 1445 Ariovistus

162 1480 263 1553 proelio
277 1499 335 1535 non
350 1481 518 1550 decertaret,
534 1481 609 1536 hanc
623 1481 784 1555 reperiebat
798 1501 924 1551 causam,
941 1480 1017 1555 quad
1034 1481 1107 1556 apud
1122 1483 1192 1546 Ger·

164 1589 262 1626 manos
276 1589 310 1626 ea
325 1571 502 1626 consuetudo
516 1582 601 1642 esset,
616 1582 648 1628 ut
662 1583 767 1628 matres
782 1573 896 1628 lamiliae
911 1591 1011 1628 eorum
1025 1573 1149 1628 sortibus
1163 1582 1191 1628 et

165 1661 415 1718 vaticinationibus
436 1661 625 1731 declararent,
646 1661 743 1718 utrirm
763 1663 895 1736 proelium
921 1663 1061 1718 committi
1082 1682 1117 1718 ex
1137 1683 1191 1720 usu

164 1762 246 1822 esset,
261 1771 316 1808 nec
331 1769 385 1808 ne:
408 1770 456 1807 eas
477 1751 517 1807 ita
540 1751 653 1808 dicere:
676 1751 762 1807 ‘Non
784 1771 846 1807 esse
868 1752 910 1807 sas
930 1753 1090 1808 Germanos
1111 1773 1192 1828 supe·

164 1862 235 1912 rare,
250 1843 273 1898 si
289 1853 354 1898 ante
369 1861 470 1896 novam
485 1841 582 1896 lunam
596 1843 698 1915 proelio
712 1842 945 1898 contendissent)

203 1933 250 1990 Ll.
278 1933 420 1989 Postridie
434 1933 495 2008 ejus
509 1932 566 1988 diei
582 1933 688 2003 Caesar,
703 1933 837 2007 praesidio
851 1933 979 2007 utrisque
992 1934 1101 2004 castris,
1115 1941 1189 2009 quod

159 2025 231 2088 satis
253 2043 314 2080 esse
336 2025 428 2080 visum
450 2037 502 2093 est,
517 2024 629 2094 relicto,
651 2030 751 2080 omnes
773 2024 876 2080 alarios
900 2024 930 2080 in
950 2037 1106 2099 conspectu
1128 2027 1191 2083 hos-

162 2117 233 2171 tium
248 2135 299 2188 pro
313 2116 414 2171 castris
434 2115 593 2170 minoribus
616 2116 774 2185 constituit,
790 2115 867 2189 quod
890 2114 986 2172 minias
1006 2117 1190 2174 multitudine

162 2207 284 2262 militum
298 2205 519 2282 legionariorum
533 2226 585 2281 pro
599 2207 723 2263 hostium
741 2226 862 2263 numero
882 2208 1005 2277 valebat,
1020 2218 1052 2264 ut
1074 2209 1108 2264 ad
1130 2229 1191 2284 spe-

162 2297 235 2352 ciem
262 2297 355 2353 alariis
378 2308 513 2354 uteretur.
555 2297 631 2371 Ipse,
652 2299 757 2372 triplici
780 2299 920 2354 instructa
944 2299 1017 2368 acie,
1043 2318 1133 2372 usque
1155 2301 1189 2356 ad

161 2399 255 2444 castra
282 2388 405 2444 hostium
433 2389 562 2445 accessit.
613 2387 692 2444 Tum
717 2389 833 2445 demum
860 2388 1024 2445 necessario
1052 2389 1189 2447 Germani

161 2499 227 2534 suas
242 2480 338 2553 copias
353 2479 454 2534 castris
469 2479 638 2548 eduxerunt,
654 2480 870 2552 generatimque
892 2480 1102 2536 constituerunt
1117 2481 1191 2555 paii·

162 2571 271 2642 busque
298 2569 463 2637 intervallis¹
492 2564 637 2637 Harudes,
663 2567 896 2637 Marcomannos
920 2569 1092 2638 Triboccos,
1114 2572 1191 2628 Van·

162 2659 271 2733 giones,
297 2659 446 2728 NemeteS,
470 2658 616 2728 Sedusios,
643 2659 762 2727 SuevoS,
790 2675 962 2730 omnemque
990 2657 1080 2732 aciem
1109 2679 1189 2718 suam

149 2749 257 2805 ‚rhedis
271 2760 299 2806 et
314 2749 402 2805 carris
418 2748 679 2818 circumdederunt,
691 2767 728 2804 ne
743 2767 800 2822 qua
814 2767 878 2821 spes
892 2748 921 2803 in
936 2748 1003 2824 fugri
1018 2749 1190 2825 relinquere-

161 2851 214 2896 tur.
257 2839 300 2896 Εὸ
316 2840 450 2897 mulieres
465 2841 671 2915 imposuerunt,
688 2859 750 2913 quae
773 2839 801 2894 in
823 2839 954 2914 proelium
974 2840 1189 2914 proficiscentes

161 2932 265 2987 milites
278 2931 368 3005 passis
383 2932 515 2988 manibus
529 2931 630 2988 flentes
645 2931 845 3005 implorabant,
860 2949 897 2987 ne
918 2949 948 2988 se
971 2931 1001 2988 in
1024 2933 1188 2990 servitutem

161 3021 302 3078 Romanis
321 3023 473 3079 traderent.

199 3111 262 3168 LII.
292 3113 389 3168 Caesar
404 3113 524 3188 singulis
538 3112 700 3186 legionibus
714 3111 842 3187 singulos
855 3112 965 3187 legatos
976 3123 1004 3169 et
1019 3125 1187 3187 quaestorem

159 3203 296 3276 profecit,
319 3201 359 3260 uti
383 3222 432 3260 eos
454 3213 541 3259 testes
563 3221 621 3257 suffl
644 3202 764 3276 quisque
784 3203 896 3259 virtutis
918 3204 1043 3266 haberet
1085 3203 1150 3278 Ipse
1172 3223 1188 3259 a

159 3293 259 3348 dextro
273 3312 373 3362 cornu,
389 3293 467 3366 qubd
481 3311 545 3348 eam
567 3301 676 3365 partem
699 3291 818 3349 minime
843 3293 953 3349 firmam
977 3294 1100 3350 hostium
1125 3313 1188 3350 esse

161 3383 287 3438 animum
309 3383 478 3452 adverterat,
502 3383 634 3456 proelium
659 3383 810 3440 commisit.
852 3383 897 3442 Ita
923 3384 1012 3440 nostri
1034 3385 1136 3440 acriter
1158 3385 1186 3438 in

160 3472 265 3540 hostes,
288 3472 371 3546 signo
392 3471 468 3541 dato,
497 3472 634 3546 impeturn
659 3473 798 3543 fecerunt,
824 3474 920 3548 itaque
947 3474 1042 3530 hostes
1068 3471 1185 3546 repente

160 3562 348 3634 celeriterque
361 3573 573 3635 procurrerunt,
588 3575 620 3620 ut
634 3565 755 3638 spatium
769 3565 828 3639 pila
847 3565 875 3620 in
896 3565 992 3620 hostes
1013 3563 1186 3636 conjiciendi

161 3671 216 3705 non
242 3651 364 3707 daretur.
407 3651 537 3726 Rejectis
557 3653 633 3728 pilis,
659 3656 790 3712 corninus
818 3655 920 3730 gladiis
943 3663 1101 3727 pugnatum
1125 3663 1185 3707 est.

160 3753 186 3797 at
201 3741 348 3810 Germani,
364 3742 495 3798 celeriter
510 3763 545 3798 ex
566 3747 775 3801 consuetudine
796 3745 846 3800 sua
871 3743 1013 3817 phalange
1035 3740 1120 3809 facta,
1137 3741 1188 3796 im·

157 3843 239 3906 potus
264 3832 425 3906 gladiorum
450 3843 632 3906 exceperunt.
673 3834 796 3907 Reperti
820 3843 886 3888 sunt
914 3831 1074 3903 complures
1096 3830 1186 3886 nostri

158 3922 272 3992 milites,
287 3921 336 3996 qui
351 3922 380 3978 in
394 3922 551 3998 phalangas
566 3923 717 3987 insilirent,
729 3933 757 3979 et
771 3931 854 3978 scuta
863 3919 997 3977 manibus
1006 3919 1186 3976 revellerent.

432 4012 451 4067 3
462 4011 479 4045 c
