2566 4270
30 259 36 272 ·
123 245 168 320 Q
453 247 503 300 on
524 245 642 300 senno
665 234 826 296 clinico
961 243 1040 310 [cir.
1056 241 1167 294 ss-ss

165 393 312 456 xxxvl.
340 393 398 452 His
424 393 511 452 rebus
536 399 684 468 permotus
710 389 751 450 Q.
775 387 921 457 Titurius,
944 405 1033 460 quum
1058 383 1167 461 procul

127 489 327 564 Ambiorigem
341 505 408 544 suos
422 485 620 542 cohortantem
635 479 841 554 conspexisset,
857 479 1042 553 interpretem
1064 495 1166 548 sunm,

127 579 182 638 Cn.
207 577 387 654 Pompeium,
403 575 438 632 ad
458 593 525 632 enm
549 571 647 641 mittit,
668 579 811 646 rogatum,
832 581 864 626 ut
886 569 941 626 sibi
963 569 1166 644 militibusque

125 680 234 746 parcet
275 668 328 726 Ille
350 665 507 746 appellatus
529 661 693 738 respondit:
725 661 779 717 ‘Si
802 659 871 716 velit
894 677 993 716 secum
1021 658 1164 734 colloqui,

126 761 216 818 licere
224 780 232 831 ;
252 777 368 836 sperare
382 778 399 816 a
411 755 596 814 multitudine
610 752 756 828 impetrari
769 767 864 826 posse,
879 749 956 824 qnod
977 749 1014 806 ad
1034 749 1164 807 militum

127 851 247 908 salutem
261 849 421 927 pertinent3
443 846 498 924 ipsi
512 844 579 904 verb
599 844 670 902 nihil
692 843 822 902 nocitum
844 841 889 912 iri,
905 841 992 915 inque
1012 857 1077 898 earn
1098 859 1163 898 rem

127 959 159 999 se
172 959 254 1000 suam
268 939 354 998 fidem
368 937 568 1014 interponere!
609 935 663 994 Ille
682 953 749 992 cum
770 933 858 990 Cotti
878 932 979 990 saucio
999 932 1164 989 communi·

127 1042 185 1103 cat,
206 1038 215 1066 ⁴
226 1031 251 1090 si
271 1031 411 1101 rideatur,
425 1030 524 1106 pugni
544 1038 577 1086 ut
598 1026 750 1096 excedant,
764 1036 794 1083 et
817 1043 885 1082 cum
909 1023 1081 1099 Ambiorige
1100 1021 1163 1080 und

128 1123 347 1198 colloquantur:
368 1116 493 1198 sperare,
508 1120 544 1178 ab
568 1137 604 1178 eo
624 1118 661 1175 de
684 1117 738 1174 sud
759 1131 794 1173 ac
813 1115 938 1174 militurn
958 1114 1050 1172 salute
1071 1113 1164 1190 impe·

126 1221 203 1270 trare
216 1214 317 1288 posse.²
359 1213 446 1270 Cotta
459 1231 491 1270 se
506 1210 541 1268 ad
557 1220 694 1268 armatam
708 1208 821 1266 hostem
837 1207 946 1264 iturum
959 1217 1057 1283 negat,
1073 1216 1162 1280 atque

128 1303 364 1362 meommuffit

167 1392 329 1452 XXXVII.
358 1392 493 1463 Sabinus,
509 1411 580 1466 quos
595 1391 624 1448 in
638 1389 792 1466 praesentit
805 1389 938 1448 tribunos
958 1387 1083 1446 militum
1104 1387 1162 1445 cir-

129 1503 196 1542 cum
219 1504 251 1542 se
273 1485 396 1542 babebat
419 1496 448 1542 et
471 1485 629 1560 primorum
653 1482 787 1540 ordinum
812 1480 1007 1550 centuriones,
1021 1497 1053 1538 se
1075 1479 1161 1554 sequi

125 1573 222 1651 jubetr
244 1590 274 1634 et
288 1594 376 1650 quum
396 1573 515 1652 propius
535 1571 735 1650 Ambiorigem
760 1572 939 1643 accessisset,
958 1571 1055 1647 jussus
1080 1589 1161 1628 arms

129 1666 263 1741 abjicere,
289 1666 460 1741 imperatum
483 1665 563 1736 lacit,
582 1665 709 1738 suisque,
731 1674 763 1721 ut
786 1663 863 1741 idem
887 1663 1005 1733 faciant,
1027 1662 1159 1737 imperat.

128 1753 259 1828 Interim,
274 1757 342 1814 dum
356 1757 392 1814 de
413 1757 628 1814 conditionibus
648 1756 722 1812 inter
743 1773 774 1812 se
795 1766 893 1831 agunt,
908 1753 1077 1830 longiorque
1091 1773 1162 1810 con-

128 1847 204 1904 sulto
228 1849 263 1904 ab
288 1848 458 1925 Ambiorige
484 1847 641 1906 instituitur
662 1865 766 1917 sermo,
786 1845 924 1920 paulatim
944 1845 1161 1902 circumventus

130 1936 307 1994 interficitur.
349 1937 428 1995 Turn
443 1938 509 1996 verb
525 1957 578 1998 suo
595 1955 675 1995 more
695 1937 844 1994 victoriam
865 1935 1057 2006 conclamant,
1073 1947 1161 2011 atque

129 2026 270 2084 ululatum
284 2029 396 2100 tollunt,
408 2029 575 2106 impetuque
588 2029 618 2086 iu
632 2041 744 2086 nostros
759 2028 844 2099 facto,
856 2027 970 2084 ordines
980 2027 1159 2102 perturbent.

129 2117 175 2174 lbi
190 2117 222 2174 L.
238 2117 325 2176 Cotta
337 2137 469 2194 pugnans
483 2121 653 2178 interficitur
674 2139 741 2176 cum
762 2119 888 2176 maximi
910 2129 994 2195 parte
1013 2119 1158 2189 militum

129 2208 1158 2286 mwmfflmwmmfflmfflmumnwffihmmmsst

129 2297 306 2356 Petrosidius
322 2300 463 2375 aquilifer,
479 2321 566 2376 quum
581 2303 686 2378 magnai
700 2302 884 2360 multitudine
904 2301 1028 2358 hostium
1047 2319 1161 2376 preme-

129 2401 217 2462 retur,
233 2391 357 2466 aquilam
372 2391 447 2449 intra
460 2393 565 2450 vallum
578 2393 709 2469 projecit,
725 2393 786 2468 ipse
806 2411 859 2468 pro
881 2393 982 2450 castris
1004 2391 1158 2450 fortissime

127 2500 261 2560 pugnans
274 2483 425 2541 occiditur.
467 2483 514 2540 Illi
529 2503 604 2560 aegre
619 2484 654 2540 ad
676 2496 791 2540 noctem
810 2485 1052 2559 oppugnationem
1074 2484 1159 2541 susti-

128 2586 216 2632 nent:
238 2586 326 2632 noctu
352 2576 387 2632 nd
411 2593 501 2633 unum
523 2595 632 2646 omnes,
647 2575 798 2650 desperati
823 2575 924 2644 salute,
939 2594 970 2632 se
993 2575 1047 2650 ipsi
1072 2575 1160 2632 inter-

128 2663 1158 2743 mmfflfflmmmmfflmfflmffimwfflae

130 2755 165 2810 ad
179 2756 217 2812 T.
233 2756 393 2814 Labienum
407 2757 533 2834 legatum
553 2757 583 2814 in
604 2756 724 2813 hiberna
744 2757 924 2832 perveniunt,
940 2768 1024 2832 etque
1040 2775 1106 2814 enm
1121 2757 1169 2814 de‘

128 2844 214 2899 rebus
228 2846 316 2919 gestis
330 2847 481 2903 certiorem
496 2848 613 2905 faciunt.

168 2931 356 2992 xxxv111.·
375 2935 441 2992 Hac
469 2937 588 2996 victorii
621 2937 749 2996 sublatur
778 2939 939 3009 Ambiorix,
967 2939 1065 2996 statim
1089 2957 1156 2996 cunr

129 3023 1205 3108 Qmmfflmmfflmmffmfflfflmfflmm·

129 3113 204 3170 citur
215 3134 222 3182 ;
244 3133 337 3188 neque
357 3128 470 3174 noctem
491 3139 585 3194 neque
606 3121 682 3178 diem
704 3121 874 3191 intermittit,
888 3121 1104 3196 peditatumque
1124 3140 1156 3178 se

129 3204 264 3278 subsequi
289 3204 378 3280 jubet.
433 3207 481 3265 Re
512 3209 716 3282 demonstrati,
745 3212 964 3286 Aduatucisque
992 3211 1154 3283 concitetis,

127 3295 1156 3378 mmfflmfflmwmmmmmwmfflmm

127 3394 246 3458 petumn
260 3383 400 3444 liberandi
416 3399 500 3462 atque
513 3392 674 3450 ulciscendi
688 3394 838 3452 Romanos
848 3413 901 3469 pro
915 3394 960 3465 iis,
972 3413 1043 3468 ques
1055 3412 1156 3470 accep-

128 3474 212 3544 erint,
236 3475 346 3552 injuriis
370 3480 552 3538 occasionem
573 3482 736 3542 dimittant:
766 3485 931 3542 interfectos
955 3503 1018 3542 esse
1046 3485 1154 3562 legatos

128 3565 195 3635 duo,
206 3584 396 3642 magnamque
408 3581 517 3644 partem
532 3575 675 3632 exercitiis
686 3576 834 3632 interisse’
850 3575 1043 3644 demonstrat;
1065 3576 1151 3634 ‘nihil

127 3673 190 3712 esse
212 3657 330 3734 negotii,
352 3659 446 3717 subitb
468 3681 631 3736 oppressam
656 3665 808 3742 legionem,
830 3687 893 3742 qum
919 3686 985 3723 curn
1010 3667 1153 3726 Cicerone

127 3745 244 3817 hiemet,
259 3747 398 3818 interfici3
414 3769 444 3808 se
457 3752 492 3808 sd
506 3771 570 3810 eam
583 3757 659 3810 rem’
672 3757 819 3830 profitetur
831 3767 838 3790 ‘
851 3758 1027 3832 adjutorem)
1070 3758 1153 3818 Faci-
1211 3759 1215 3765 ’

70 3917 72 3926 Ι
127 3829 156 3888 ld
169 3833 225 3892 bac
237 3838 367 3897 oratione
380 3839 497 3899 Nerviis
510 3845 674 3917 persuadet.
