2566 4270
139 295 197 356 112
472 291 521 342 bn
541 291 659 379 nunno
680 291 843 342 cnumco
974 293 1055 357 [cn.
1070 293 1177 342 ιο-ιε

138 437 257 513 impetn,
271 433 396 494 militum
409 435 514 494 virtute
533 443 690 494 servantur.
732 435 775 493 At
795 435 827 506 ii,
841 434 892 510 qui
914 433 946 492 in
963 435 1036 512 jugo
1056 435 1184 494 coustit-

137 538 229 599 erant,
244 528 324 585 nullo
337 529 425 586 etiarn
438 547 518 584 nunc
531 547 586 584 usu
600 527 641 584 rei
662 527 795 584 militaris
808 537 956 602 percepto,
971 546 1067 602 neque
1083 527 1114 584 in
1131 547 1182 599 eo,

138 619 215 694 quod
238 621 439 694 probaverant,
467 619 590 676 oonsilio
616 635 796 694 permanere,
819 629 852 675 ut
875 637 907 675 se
934 619 1000 675 loco
1027 620 1182 694 superiore

137 711 335 782 defenderent,
349 729 444 786 neque
463 729 537 781 eam,
552 729 638 784 quam
658 709 802 786 profuisse
823 709 886 767 eliis
906 709 965 766 vim
985 711 1182 768 celeritatem-

137 820 195 878 que
221 802 362 873 viderant,
384 802 491 859 imitari
517 811 691 877 potuerunt;
721 800 783 872 sed,
805 819 837 858 se
864 801 895 858 in
922 813 1017 858 castra
1044 801 1182 877 recipere

138 893 246 964 conati,
268 893 400 966 iniquum
422 893 452 949 in
478 893 576 950 locum
597 892 780 949 demiserant.
823 891 1027 964 Centuriones,
1051 911 1180 967 quornm

138 983 270 1041 nonnulli
285 1003 321 1042 ex
335 983 518 1041 inferioribus
532 983 681 1040 ordinibus
695 983 871 1056 reliquarum
891 983 1040 1060 legionum
1061 983 1180 1041 virtutis

138 1076 227 1132 causa
241 1075 270 1132 in
285 1075 446 1151 superiores
459 1085 541 1132 erant
561 1074 677 1132 ordines
698 1074 783 1150 hujus
803 1074 927 1150 legionis
947 1075 1122 1146 transducti,
1139 1095 1179 1132 ne

138 1166 206 1223 ante
219 1178 331 1243 partam
345 1167 387 1223 rei
401 1166 533 1224 militaris
546 1165 662 1223 laudem
678 1165 852 1236 amitterent,
867 1164 1023 1222 fortissime
1044 1185 1180 1242 pugnan-

138 1267 182 1314 tes
196 1257 396 1314 conciderunt.
438 1256 567 1314 Militum
587 1276 663 1331 pars,
677 1257 781 1313 horum
801 1257 907 1314 virtute
927 1257 1068 1314 submotis
1089 1257 1180 1314 hosti·

138 1347 202 1418 bus,
216 1357 320 1423 preter
334 1354 413 1423 spetn
428 1347 582 1404 incolumis
601 1349 632 1404 in
653 1357 748 1404 castra
766 1348 913 1424 pervenit3
934 1366 1000 1423 pars
1015 1367 1032 1404 a
1045 1347 1180 1406 barbaris

139 1437 337 1496 circumventa
350 1437 443 1514 periit.

178 1529 259 1586 XLI.
296 1528 445 1599 Germani,
473 1529 624 1604 desperati
652 1530 866 1606 expugnatione
895 1541 1066 1601 castrorum,
1094 1529 1175 1605 qudd

139 1631 251 1677 nostros
275 1620 334 1696 jam
362 1621 524 1678 constitisse
552 1621 582 1677 in
609 1621 820 1677 munitionibus
853 1621 998 1692 videbant,
1034 1641 1101 1678 cum
1139 1621 1176 1678 ea

139 1712 245 1788 praedi,
261 1731 345 1786 quarn
360 1712 390 1769 in
405 1712 482 1769 silvis
497 1712 697 1787 deposuerant,
713 1723 791 1769 trans
812 1711 950 1769 Rhenum
972 1731 1035 1770 sese
1056 1732 1178 1788 recepe·

140 1815 215 1862 runt.
258 1805 304 1862 Ac
323 1815 420 1861 tantus
441 1803 495 1860 suit
515 1804 602 1860 etiarn
622 1815 686 1878 post
707 1805 865 1860 discessum
887 1803 1011 1860 hostiurn
1026 1816 1129 1874 terror,
1145 1813 1178 1862 ut

140 1895 175 1953 eti
200 1907 296 1966 nocte,
312 1915 399 1970 quum
420 1895 455 1953 C.
478 1895 642 1952 Volusenus
662 1895 767 1952 missus
787 1915 853 1952 curn
876 1896 1003 1970 equitatu
1026 1896 1061 1951 ad
1081 1907 1179 1953 castra

140 1987 275 2056 venisset,
303 1987 400 2044 fidem'
416 2006 474 2043 non
502 1987 619 2056 faceret,
642 1985 741 2043 adesse
770 2006 836 2042 curn
865 1987 1003 2044 incolumi
1019 1979 1177 2044 'Caesarem

141 2075 279 2134 exercitu.
321 2077 372 2133 Sic
386 2078 515 2134 omnium
531 2077 641 2134 animos
654 2077 740 2134 timor
757 2089 1018 2154 preoccupaverat,
1034 2089 1075 2149 ut,
1091 2097 1177 2153 paene

142 2165 265 2224 alienati
280 2178 385 2238 mente,
401 2167 501 2224 deletis
515 2169 648 2224 omnibus
670 2169 762 2243 copiis
782 2169 941 2243 equitatum
962 2180 1073 2226 tanturn
1093 2188 1125 2226 se
1139 2189 1177 2226 ex

141 2256 210 2334 tuga
235 2257 378 2332 recepisse
399 2257 539 2329 dicerent,
562 2277 667 2334 neque,
690 2259 829 2316 incolumi
852 2261 991 2330 exercitu,
1012 2251 1177 2317 Germanos

141 2361 236 2406 castra
266 2360 480 2425 oppugnaturos
515 2349 602 2408 fuisse
635 2351 852 2409 contenderent.
906 2351 1006 2412 Quem
1040 2343 1175 2408 timorem

141 2440 264 2500 Coesaris
286 2439 424 2498 adventus
443 2441 566 2500 sustulit.
613 2482 619 2488 -

180 2531 275 2591 XLII.
305 2531 452 2590 Reversus
466 2533 524 2604 ille,
536 2544 654 2590 eventus
668 2533 736 2589 belli
751 2553 809 2590 non
825 2533 970 2609 ignoraus,
983 2553 1082 2604 unurn,
1095 2531 1175 2608 quaid

141 2623 273 2684 cobortes
297 2643 332 2682 ert
355 2625 478 2683 statione
503 2635 531 2682 et
552 2625 685 2700 presidio
710 2635 806 2681 essent
830 2624 952 2696 emissae,
968 2635 1095 2698 questus,
1117 2633 1175 2682 ‘ne

141 2716 260 2774 minimo
273 2716 389 2791 quidem
404 2736 472 2774 casu
487 2715 583 2774 locum
594 2715 717 2790 relinqui
729 2715 882 2785 debuisse,’
895 2715 1016 2772 multum
1029 2715 1174 2772 fortunam

142 2806 171 2864 in
186 2807 336 2880 repentino
351 2807 475 2865 hostiurn
491 2808 614 2864 adventu
639 2807 767 2882 potuisse
785 2805 944 2882 judicavit;
975 2806 1065 2864 multd
1087 2805 1175 2864 etiarn

143 2896 274 2970 amplibs,
289 2896 367 2970 quod
383 2917 465 2972 paene
481 2899 515 2954 ab
531 2899 592 2973 ipso
606 2897 679 2954 vallo
692 2897 839 2972 portisque
854 2907 1013 2954 castrorum
1034 2898 1172 2954 barbaros

143 2986 319 3043 avertissent.
372 2987 507 3048 Quarum
534 2989 662 3046 omniurn
691 3007 786 3044 rerum
821 2985 945 3044 maxime
975 2987 1174 3044 admirandum

143 3077 301 3147 videbatur,
316 3076 393 3151 quod
407 3079 554 3150 Germani,
570 3081 618 3154 qui
633 3099 669 3136 eo
687 3079 809 3136 consilio
830 3079 967 3135 Rhenum
990 3077 1172 3150 transierant,

142 3177 174 3224 ut
201 3167 379 3242 Ambiorigis
407 3169 477 3226 fines
504 3170 754 3246 depopularentur,
785 3171 820 3226 a'd
848 3181 942 3227 castra
973 3169 1173 3227 Romanorum

143 3257 239 3326 delati,
254 3258 462 3331 optatissimum
477 3259 640 3337 Ambiorigi
654 3261 828 3318 beneficium
843 3255 1013 3318 obtulerant.

182 3347 294 3405 XLIII.
322 3347 429 3419 Caesar,
444 3369 542 3407 rursus
561 3351 595 3408 ad
617 3353 761 3409 vexandos
781 3351 877 3409 hostes
897 3352 1053 3427 profectus,
1069 3371 1174 3427 magno

143 3449 245 3496 coacto
259 3457 379 3496 numero
393 3459 428 3496 ex
442 3439 570 3498 finitimis
591 3443 764 3514 civitatibus
780 3443 809 3500 in
824 3462 924 3500 omnes
937 3453 1032 3518 partes
1047 3443 1171 3500 dimittit.
1205 3492 1218 3514 ,

143 3530 253 3588 Omnes
267 3529 322 3587 vici
339 3524 422 3604 atque
437 3533 533 3588 onmia
548 3533 678 3605 aedilicia,
695 3554 756 3608 que
778 3535 899 3609 quisque
919 3544 1117 3609 conspexerat,
1132 3533 1173 3590 in·

143 3623 357 3680 cendebantur:
379 3623 475 3697 praeda
489 3643 522 3680 ex
537 3625 670 3682 omnibus
684 3627 756 3683 locis
778 3628 915 3702 agebatur
929 3646 935 3683 :
958 3627 1101 3684 frumenta
1114 3645 1172 3682 non

143 3713 235 3772 solbm
261 3735 276 3772 a
298 3715 377 3772 tanti
402 3715 586 3772 multitudine
607 3715 802 3790 jumentorum
828 3730 913 3792 atque
936 3717 1085 3776 hominurn
1106 3736 1173 3774 con-

236 3817 338 3876 antur,
354 3805 504 3863 sedetiam
521 3807 587 3862 anni
601 3816 729 3881 ternpore
749 3819 833 3882 atque
854 3809 994 3867 imbribus
1013 3809 1173 3886 procubue-

284 3895 328 3956 Ἶεἰ
343 3896 391 3970 qui
409 3895 495 3953 etiarn
516 3894 546 3954 in
566 3897 719 3972 presentia
739 3917 769 3956 se
790 3901 994 3972 occultisseut,
1008 3913 1106 3958 tamen
1126 3900 1161 3958 iis
