2578 4270
99 291 121 350 θ
426 288 474 338 DE
496 288 612 338 BELLO
635 287 795 338 GALLlCO
959 288 1037 352 [Otr.
1053 289 1116 337 24

100 433 245 503 inductus,
260 431 487 507 conjurationem
500 431 658 488 nobilitatis
672 429 750 500 secit,
765 439 794 486 et
808 428 916 486 civitati
930 430 1082 505 persuasit,
1093 442 1127 488 ut

100 523 136 579 de
160 524 264 580 finibus
285 523 345 578 suis
368 541 436 578 cum
458 521 592 579 omnibus
614 521 705 596 copiis
732 520 861 578 exirent:
887 521 1024 595 perfacile
1051 535 1124 593 esse',

100 629 187 686 quum
201 614 305 669 virtute
318 613 451 669 omnibus
468 622 644 688 prestarent,
658 611 746 668 totius
766 611 868 668 Gallia
889 611 1010 686 imperio
1028 613 1123 688 potiri.

98 703 133 758 Id
148 704 202 759 hoc
217 702 331 760 facilius
345 703 386 759 eis
399 703 549 778 persuasit,
564 701 641 776 qudd
661 701 789 776 undique
808 701 866 758 loci
879 703 981 759 natura
996 702 1123 762 Helvetii

99 794 298 850 continentur:
320 794 378 849 nuti
392 803 520 868 exparte
534 792 652 850 flumine
665 791 782 862 Rheno,
796 791 935 848 latissimo
949 803 1034 868 atque
1048 795 1124 852 altis·

98 884 180 954 simo,
195 885 244 958 qui
258 903 357 959 agrum
372 883 538 940 Helvetium
553 902 570 939 a
582 882 735 940 Germanis
748 881 849 940 dividit
861 901 869 952 ;
891 883 980 940 altera
994 903 1029 940 ex
1041 897 1122 959 parta

97 985 194 1030 monte
215 969 287 1030 lura
311 973 458 1044 altissimo,
481 973 530 1048 qui
557 983 600 1030 cst
627 973 701 1028 inter
728 973 878 1046 Sequanos
906 984 935 1030 et
955 973 1120 1045 Helvetios,

96 1065 181 1120 tertia
194 1065 260 1121 lacu
274 1064 423 1122 Lemanno
436 1075 465 1120 et
483 1063 602 1120 flumine
622 1061 767 1119 Rhodano
810 1061 841 1118 ui
860 1064 1037 1137 provinciam
1057 1085 1122 1122 nos-

96 1164 169 1210 tram
184 1156 218 1210 ab
233 1154 377 1212 Helvetiis·
394 1155 502 1211 dividit.
516 1185 530 1215 t
545 1153 601 1209 His
624 1154 710 1210 rebus
732 1082 827 1223 lididt,
842 1163 874 1209 ut
897 1164 926 1210 et
946 1153 1042 1212 mimis
1062 1155 1119 1212 latri

97 1255 275 1320 vagarentur,
297 1255 326 1302 et
351 1243 446 1302 mimis
469 1244 553 1301 facil&
578 1243 706 1300 finitimis
727 1243 833 1299 bellum
857 1243 961 1302 inferre
975 1257 1119 1320 possent:

96 1335 153 1408 qui
167 1335 203 1392 de
217 1335 305 1392 causa
319 1335 449 1392 homines
463 1334 588 1391 bellandi
602 1333 699 1408 cupidi
713 1353 819 1408 magno
838 1333 937 1391 dolore
958 1336 1121 1393 afficieban-

95 1436 172 1484 tur..
190 1425 248 1482 Pro
261 1426 444 1482 multitudine
459 1436 554 1481 autern
568 1424 727 1494 hominum,
741 1434 769 1480 et
782 1443 835 1498 pro
848 1423 940 1500 gloria
953 1426 1020 1482 belli
1035 1437 1120 1501 atque

55 1575 58 1584 ,
96 1516 281 1588 fortitudinis,
297 1527 431 1592 angustos
445 1534 477 1572 se
490 1515 561 1572 lines
582 1515 687 1570 habere
708 1515 926 1586 arbitrabantur,
941 1516 989 1590 qui
1011 1516 1120 1574 in'lon-

95 1609 256 1684 gitudinem
282 1609 372 1666 millia
398 1627 533 1685 passuum
561 1607 739 1678 CCXL„in
765 1607 946 1664 latitudinem
973 1609 1118 1668 CLXXX

95 1701 239 1775 patebant.

134 1791 188 1848 ΙΙΙ.
217 1791 273 1847 His
293 1791 379 1847 rebus
401 1789 527 1859 adducti,
542 1799 571 1845 et
592 1788 761 1844 auctoritate
784 1787 964 1865 Orgetorigis
986 1791 1118 1864 permoti,

65 1933 66 1936 ,
96 1883 305 1939 constituerunt
318 1899 362 1952 ea,
377 1901 440 1954 quae
460 1881 495 1936 ad
514 1879 755 1955 proficiscendum
775 1879 1120 1955 pertinerent,.c'ompara·

95 1993 139 2044 re,
159 1973 353 2048 jumentorum
368 1983 396 2028 et
411 1989 556 2028 carrorum
571 1968 657 2043 quarn
672 1969 827 2025 maximum
841 1988 992 2028 numerum
1007 1976 1119 2029 co'e'me·
1153 1987 1155 1991 ·

95 2084 142 2133 re3
164 2075 304 2121 sementes
318 2062 404 2138 quim
419 2063 555 2118 maximas
570 2061 674 2130 facere,
686 2071 717 2116 ut
728 2059 757 2116 in
770 2059 871 2117 itinere
886 2061 970 2135 copia
984 2062 1118 2120 frumenti

96 2165 273 2230 suppeteret3
296 2173 362 2210 cum
375 2153 511 2228 proximis
532 2152 694 2208 civitatibus
714 2169 816 2225 pacem
837 2162 865 2208 et
883 2152 1038 2209 amicitiam
1053 2173 1120 2210 con·

97 2247 216 2302 firmare.
257 2245 305 2301 Ad
320 2264 368 2301 eas
382 2263 427 2300 res
441 2243 634 2300 conficiendas
648 2243 796 2320 biennium
810 2242 865 2298 sibi
887 2243 956 2300 satis
974 2261 1037 2300 esse
1051 2244 1120 2302 dux-

96 2347 189 2406 erunt,
212 2337 242 2392 in
265 2335 380 2392 tertium
406 2353 512 2390 annum
536 2333 743 2408 profectionem
765 2332 828 2408 lege
852 2334 1029 2392 confirmant.
1070 2335 1119 2392 Ad

95 2447 143 2484 eas
157 2447 202 2484 res
217 2425 411 2483 conficiendas
425 2425 579 2500 Orgetorix
593 2425 765 2500 deligitur.„.
776 2423 805 2478 Is
826 2425 876 2479 ubi
896 2425 1069 2500 legationem
1084 2427 1118 2482 ad

96 2517 225 2574 civitates
246 2517 382 2592 suscepit,
405 2515 435 2572 in
456 2535 491 2572 eo
518 2515 619 2572 itinere
643 2514 795 2590 persuadet
820 2514 947 2586 Castico,
969 2515 1121 2573 Cataman-

95 2607 196 2665 taledis
214 2609 282 2680 flio,
301 2609 446 2682 Sequano,
466 2606 548 2682 cujus
567 2617 646 2681 pater
667 2603 788 2681 regnum
806 2604 836 2661 in
856 2606 997 2680 Sequanis
1015 2607 1120 2664 multos

96 2717 185 2755 annos
205 2701 377 2770 obtinuerat,
392 2709 421 2756 et
436 2718 452 2755 a
466 2697 496 2754 S.
511 2698 543 2754 P.
558 2697 597 2754 R.
614 2697 723 2752 amicus
745 2697 901 2770 appellatus
922 2707 992 2768 erat,
1007 2708 1039 2752 ut
1058 2716 1121 2773 reg·

95 2807 164 2844 num
191 2781 221 2844 in
249 2789 364 2844 civitate
391 2789 443 2844 suri
470 2797 635 2862 occuparet,
660 2786 736 2857 quod
763 2796 843 2858 pater
871 2785 936 2842 ante
964 2788 1118 2845 habuerat:

95 2878 220 2951 itemque
244 2877 417 2951 Dumnorigi
439 2877 547 2944 AEduo,
572 2874 651 2930 fratri
679 2873 826 2944 Divitiaci‚
855 2875 904 2947 qui
931 2894 967 2931 eo
992 2886 1120 2952 tempore

94 2969 287 3043 principatum
310 2968 341 3024 in
366 2966 482 3022 civitate
503 2964 663 3034 obtinebat,
684 2983 717 3020 ac
741 2963 864 3020 maxime
886 2965 963 3039 plebi
985 2979 1120 3043 acceptus

95 3069 165 3128 erat,
180 3068 212 3114 ut
226 3059 302 3114 idern
316 3067 477 3127 conaretur,
491 3055 653 3132 persuadet,
668 3055 752 3130 eique
772 3055 860 3112 liliam
881 3075 962 3114 suam
981 3057 1010 3114 in
1024 3062 1120 3115 matri-

95 3149 223 3205 monium
237 3148 293 3205 dat.
335 3147 477 3206 Perfacile
492 3149 569 3205 lactu
584 3166 646 3204 csse
665 3145 721 3203 illis
740 3147 842 3222 probat
855 3158 959 3204 conata
971 3149 1118 3223 perficere,

94 3245 243 3313 propterea
261 3237 338 3312 qubd
359 3239 420 3314 ipse
443 3259 502 3296 suae
523 3239 646 3296 civitatis
667 3238 818 3313 imperium
839 3239 1007 3296 obtenturus
1028 3252 1117 3297 esset:

94 3349 152 3384 non
167 3347 229 3386 esse
243 3330 371 3400 dubium,
383 3331 452 3404 quin
466 3331 554 3388 totius
564 3330 665 3386 Gallina
675 3327 831 3404 plurimum
846 3329 972 3388 Helvetii
986 3343 1117 3404 possent:

94 3439 125 3476 se
149 3421 208 3476 suis
230 3421 320 3494 copiis
345 3441 454 3496 suoque
475 3421 603 3478 exercitu
625 3421 681 3476 illis
702 3440 791 3496 regna
811 3421 1031 3478 conciliaturum
1053 3442 1120 3478 con-

95 3510 194 3567 firmat.
237 3511 303 3567 Hac
324 3512 452 3568 oratione
477 3512 602 3580 adducti,
618 3511 691 3567 inter
712 3531 742 3568 se
763 3511 849 3567 fidcrn
873 3521 901 3568 et
920 3511 1118 3586 jusjurandum

94 3601 172 3671 dant,
187 3611 225 3671 et,
240 3621 330 3677 regno
348 3613 499 3676 occupat0,
513 3621 564 3676 per
574 3612 636 3658 tres
655 3601 867 3676 potentissimos
889 3621 922 3658 ac
943 3603 1119 3660 firmissimos
1185 3667 1189 3678 ¹

93 3683 213 3766 populos
226 3693 313 3749 totius
326 3693 427 3750 Galliae
443 3711 505 3750 sese
518 3688 603 3767 pdtiri
616 3711 699 3766 posse
719 3702 840 3766 sperant.

132 3781 183 3838 IV.
212 3783 256 3840 Ea
269 3801 314 3840 res
328 3793 359 3840 ut
373 3793 416 3840 est
430 3782 571 3840 Helvetiis
591 3801 641 3857 per
656 3783 796 3838 indicium
810 3784 974 3854 enunciata,
989 3781 1118 3840 moribus

94 3871 153 3928 suis
167 3871 368 3950 Orgetorigem
382 3893 417 3932 ex
431 3873 554 3930 vinculis
568 3891 683 3930 causant
698 3873 795 3930 dicere
806 3878 981 3949 coegerunt:
1004 3874 1119 3931 damna-
