2578 4270
125 313 198 364 crs.
213 313 326 377 Μ]
484 309 592 364 arasa
614 313 792 400 cosanus.
1120 321 1160 378 01.

37 479 41 488 ·
123 455 261 531 periculo
284 455 407 531 erIpuit:
429 454 490 531 ipse
515 474 589 530 equo
613 457 762 514 vulnerato
785 457 923 532 dejectus,
939 457 1032 532 quoad
1056 461 1159 534 potuit,

125 545 286 603 fortissime
315 547 425 604 restitit.
476 547 579 607 Quum
606 547 829 618 circumventus,
864 549 960 605 multis
994 550 1158 607 vulneribus

126 639 269 712 acceptis,
284 637 444 707 cecidisset,
461 649 545 711 atque
559 637 588 693 id
603 638 698 708 frater,
713 639 762 712 qui
782 639 841 713 jam
862 640 963 713 proelio
986 653 1157 712 excesserat,

123 728 230 802 procul
256 728 382 783 animum
407 727 582 798 advertisset,
604 729 725 785 incitato
748 747 823 802 equo
844 748 874 786 se
895 731 1025 786 hostibus
1045 732 1157 802 obtulit,

94 804 97 816 ⁸
126 827 216 891 atque
231 817 397 874 interfectus
411 825 462 874 est.

169 909 255 967 XIII.
284 909 351 966 Hoc
365 909 442 966 facto
454 909 565 984 proelio,
580 910 677 966 Caesar
696 929 790 984 neque
807 910 866 986 jam
887 913 941 968 sibi
955 913 1064 989 legatos
1079 915 1158 970 audi-

124 1000 229 1070 endos,
250 1017 345 1074 neque
366 1000 547 1056 conditiones
568 1000 751 1075 accipiendas
774 1002 962 1058 arbitrabatur
983 1004 1017 1059 ab
1039 1005 1093 1075 his,
1108 1006 1156 1079 qui

122 1109 180 1166 per
194 1091 291 1147 dolum
305 1102 390 1164 atque
404 1090 532 1160 insidias,
547 1091 636 1166 petita
654 1110 737 1166 pace,
754 1091 827 1148 ultro
848 1093 954 1149 bellurn
976 1093 1156 1152 intulissent:

123 1193 295 1258 exspectare
318 1179 396 1252 verb,
411 1181 480 1238 dum
503 1182 627 1238 hostiurn
649 1182 739 1257 copiae
763 1195 934 1258 augerentur
958 1186 1157 1259 equitatusque

122 1283 327 1342 reverteretur,
355 1291 473 1329 summae
500 1273 652 1330 dementiae
679 1292 742 1330 esse
772 1273 937 1348 judicabat;
972 1285 1011 1345 et,
1040 1277 1156 1351 cognita

122 1362 277 1418 Gallorum
292 1362 465 1433 infirmitate,
480 1373 618 1437 quantum
629 1363 688 1438 jam
704 1364 779 1439 apud
793 1381 842 1420 eos
865 1365 960 1422 hostes
978 1385 1038 1422 uno
1055 1367 1157 1440 proelio

123 1453 307 1510 auctoritatis
333 1467 428 1510 essent
454 1455 613 1524 consecuti,
641 1455 801 1511 sentiebat:
836 1456 939 1528 quibus
968 1457 1003 1511 ad
1035 1457 1157 1513 consilia

122 1542 269 1618 capienda
295 1543 366 1600 nihil
394 1543 478 1619 spatii
505 1544 632 1600 dandum
666 1545 853 1602 existimabat.
910 1545 965 1602 His
993 1547 1155 1604 constitutis

121 1633 223 1703 rebus,
245 1643 274 1690 et
300 1633 421 1691 consilio
442 1653 508 1690 cum
535 1634 637 1709 legatis
661 1645 689 1691 et
709 1647 849 1708 questore
870 1637 1093 1706 communicato,
1118 1655 1155 1693 ne

123 1742 214 1798 quern
236 1724 312 1781 diem
335 1743 439 1800 pugnae
461 1725 698 1798 pretermitteret,
714 1726 952 1800 opportunissima
973 1745 1018 1782 res
1040 1727 1155 1796 accidit,

124 1811 205 1890 qudd
217 1812 353 1890 postridie
368 1815 428 1890 ejus
442 1815 499 1872 dlei
514 1833 607 1885 mane,
623 1815 723 1871 eadem
739 1827 766 1872 et
785 1815 905 1889 perfidia
926 1825 954 1872 et
974 1815 1156 1874 simulatione

124 1906 173 1962 usi
199 1905 347 1976 Germani,
381 1907 552 1979 frequentes,
581 1906 713 1962 omnibus
739 1905 918 1980 principibus
944 1905 1155 1980 majoribusque

124 2007 196 2054 natu
212 1997 355 2066 adhibitis,
371 1996 485 2053 adeum
500 1997 530 2052 in
545 2007 637 2052 castra
657 2007 812 2064 venerunt;
834 1996 928 2065 simul,
944 2007 974 2052 ut
995 1997 1153 2068 dicebatur,

126 2088 172 2145 sui
195 2087 338 2163 purgandi
362 2087 460 2158 causti,
476 2085 553 2161 qudd
578 2085 678 2144 contra
702 2098 786 2160 atque
810 2101 884 2144 esset
908 2087 1027 2157 dictum,
1049 2099 1077 2144 et
1102 2089 1154 2163 ipsi

124 2177 273 2254 petissent,
287 2178 418 2253 proelium
432 2178 524 2252 pridie
546 2179 774 2246 commisissent3
796 2177 879 2234 simul
902 2189 942 2247 ut,
958 2178 981 2234 si
1003 2179 1071 2251 quid
1091 2199 1155 2254 pos·

127 2280 200 2338 sent,
221 2270 257 2326 de
281 2269 405 2326 induciis
426 2269 550 2326 fallendo
574 2270 765 2343 impetrarent.
807 2268 892 2329 Quos
912 2270 967 2325 sibi
988 2271 1085 2326 Caesar
1106 2272 1154 2326 ob-

126 2359 199 2416 latos
220 2361 343 2436 gavisus,
367 2359 431 2416 illos
454 2359 571 2416 retineri
593 2359 693 2433 jussit3
724 2360 783 2432 ipse
808 2379 907 2415 omnes
931 2361 1028 2434 copias
1053 2362 1154 2418 castris

127 2450 234 2520 eduxit,
261 2451 487 2523 equitatumque,
516 2448 593 2521 quod
620 2449 731 2504 recenti
756 2450 857 2522 proelio
882 2451 1063 2524 perterritum
1091 2470 1153 2509 esse

126 2540 316 2610 existimabat,
332 2558 434 2614 agmen
450 2537 585 2608 subsequi
597 2537 688 2610 jussit.

165 2629 248 2685 XIV.
276 2629 352 2684 Acie
366 2627 472 2701 triplici
487 2627 626 2695 instituta,
641 2638 669 2683 et
684 2625 814 2682 celeriter
828 2627 902 2682 VIII
918 2627 1040 2682 millium
1052 2629 1153 2687 itinere

126 2719 270 2788 consecto,
284 2716 364 2792 prihs
379 2717 414 2773 ad
428 2715 553 2773 hostium
568 2729 662 2774 castra
674 2716 812 2792 pervenit,
824 2715 920 2789 quarn,
932 2717 1000 2790 quid
1012 2730 1152 2793 ageretur,

126 2809 264 2867 Germani
288 2808 393 2865 sentIre
414 2817 538 2883 possent.
578 2807 651 2878 Qui,
667 2807 800 2864 omnibus
824 2805 908 2862 rebus
930 2806 1023 2863 subitd
1048 2821 1153 2883 perter-

126 2901 183 2971 riti,
198 2910 227 2958 et
241 2899 387 2958 celeritate
403 2900 539 2956 adventus
553 2900 642 2956 nostri
657 2912 685 2956 et
700 2899 826 2955 discessu
843 2917 969 2968 suorum,
981 2918 1074 2973 neque
1085 2920 1152 2960 con-

125 2991 182 3048 silii
206 2991 341 3062 habendi,
360 3009 454 3065 neque
479 3010 556 3047 arma
577 2990 710 3066 capiendi
735 2989 827 3063 spatio
848 2989 924 3060 dat0,
939 2991 1150 3064 perturbantur,

124 3083 259 3158 copiasne
275 3082 408 3140 adversus
422 3083 532 3139 hostem
547 3082 680 3150 educere,
697 3099 732 3136 an
747 3091 840 3136 castra
853 3080 1015 3151 defendere,
1032 3101 1066 3138 an
1082 3083 1151 3160 fuga

124 3175 244 3231 salutem
269 3184 366 3248 petere
393 3183 549 3248 praestaret.
600 3172 736 3232 Quorum
759 3171 843 3227 timor
872 3191 958 3245 quum
987 3172 1100 3229 fremitu
1122 3185 1151 3232 et
1252 3249 1255 3254 .

125 3283 267 3320 concursu
294 3263 514 3339 significaretur,
542 3261 647 3318 milites
674 3261 773 3331 nostri,
800 3262 912 3336 pristini
940 3263 997 3320 diei
1030 3265 1150 3338 perfidid

124 3353 246 3423 incitati,
274 3354 304 3409 in
326 3364 420 3410 castra
444 3353 614 3426 irruperunt.
654 3352 726 3412 Quo
749 3352 823 3423 loco,
847 3353 895 3426 qui
917 3353 1047 3410 celeriter
1072 3374 1151 3412 arma

126 3460 229 3516 capere
255 3453 419 3516 potuerunt,
447 3443 590 3518 paulisper
619 3443 722 3500 nostris
755 3444 929 3514 restiterunt,
958 3455 1042 3518 atque
1076 3445 1149 3504 inter

125 3551 222 3588 carros
237 3531 494 3607 impedimentaque
507 3534 638 3607 proelium
653 3535 876 3590 commiserunt:
899 3545 927 3590 at
947 3535 1058 3608 reliqua
1078 3537 1150 3606 mul·

124 3621 218 3679 titudo
237 3639 390 3696 puerorum
405 3623 619 3698 ,mulierumque
635 3624 715 3698 (narn
738 3643 804 3680 cum
829 3625 961 3681 omnibus
985 3627 1043 3680 suis
1064 3624 1149 3682 domo

123 3722 306 3770 excesserant
324 3711 520 3786 Rhenumque
540 3716 724 3791 transierant)
738 3715 844 3794 passim
867 3716 965 3789 sugere
986 3713 1090 3786 coepit,
1113 3715 1148 3772 ad

122 3821 194 3878 quos
208 3802 417 3858 consectandos
431 3802 527 3859 Caesar
542 3805 698 3877 equitatum
714 3806 799 3861 misit.

162 3893 228 3950 XV.
256 3893 405 3963 Germani,
418 3904 482 3968 post
494 3904 607 3970 tergum
622 3897 747 3951 clamore
762 3895 868 3962 audito,
880 3911 969 3965 quum
982 3911 1049 3954 suos
1062 3894 1136 3954 inter

437 3983 457 4035 6
