2566 4270
116 275 182 328 cn.
198 275 239 340 aa,
253 277 306 342 ra]
464 278 573 328 arnan
594 279 780 332 seramus.
1089 285 1145 344 ιω

114 419 179 478 lleri
202 420 281 492 velit,
306 419 448 478 ostendit:
479 421 630 496 inprimis
654 432 761 493 monet,
785 433 816 479 ut
840 422 1007 480 contineant
1029 423 1144 496 raihtos,

114 525 154 568 ne
168 512 265 568 studio
278 512 426 588 pugnandi
441 523 489 568 aut
503 532 553 588 spe
566 514 669 587 praedae
683 513 798 590 longids
818 515 1035 589 progrediantur
1049 534 1055 570 :
1076 515 1145 588 quid

114 602 255 676 iniquitas
267 604 325 659 loci
339 603 441 659 habeat
461 604 645 674 incommodi,
660 605 811 679 proponit:
834 612 841 636 ⁴
857 605 912 661 hoc
927 606 985 660 unit
999 606 1145 662 celeritate

112 711 200 769 posse
220 693 319 750 vitan:
341 694 502 750 occasionis
521 713 583 751 esse
603 713 673 765 rem,
688 715 745 752 non
759 695 870 770 praelii.¹
914 695 970 752 His
990 697 1075 752 rebus
1098 714 1145 753 ex-

113 784 229 860 positis,
250 784 364 860 signum
386 783 444 854 dat,
466 795 496 841 et
517 786 552 841 ab
576 785 693 842 dextera
716 797 797 860 parte
820 787 877 842 alio
900 805 1020 843 ascensu
1044 787 1144 844 eodeni

114 884 248 950 tempore
262 874 373 932 AEduos
388 875 483 931 mittit.

158 964 267 1022 XLVI.
295 964 403 1040 Oppidi
417 983 516 1022 murus
531 966 566 1021 ab
580 965 699 1040 planitie
714 976 798 1040 atque
813 966 896 1023 initio
910 965 1055 1036 ascensis,
1065 967 1145 1024 recti

117 1056 248 1132 regione,
262 1055 286 1113 si
305 1057 401 1112 nullus
422 1056 567 1112 anfractus
588 1056 787 1127 intercederet,
802 1055 890 1114 MCC
909 1075 1010 1132 passus
1030 1058 1145 1115 aberat:

118 1147 259 1221 quidquid
279 1147 349 1202 huic
369 1147 509 1204 circuitris
533 1147 569 1204 ad
590 1147 777 1204 molliendum
800 1147 906 1204 olivum
927 1159 1097 1218 accesserat,
1117 1148 1146 1206 id

119 1240 243 1312 spatium
258 1237 369 1294 itineris
384 1239 514 1314 augebat.
555 1238 583 1294 A
598 1238 694 1294 medio
708 1237 768 1295 fere
783 1239 856 1295 colle
875 1239 905 1294 in
926 1238 1144 1314 longitudinem,

119 1341 153 1387 ut
166 1340 269 1385 natura
281 1330 386 1384 montis
400 1329 518 1400 serebat,
533 1347 568 1385 ex
581 1329 738 1405 grandibus
752 1329 827 1386 saxis
840 1347 890 1386 sex
901 1328 1006 1402 pedum
1020 1348 1144 1400 murum,

120 1421 170 1495 qui
194 1431 355 1476 nostrorum
383 1419 519 1494 impetum
546 1419 680 1490 tardaret,
707 1421 907 1495 praeduxerant
932 1419 1019 1490 Galli,
1048 1431 1143 1494 atque,

119 1511 256 1568 inferiore
279 1511 357 1568 omni
378 1511 470 1585 spatio
488 1529 581 1566 vacuo
603 1511 713 1581 relicto,
736 1512 910 1586 superiorem
931 1522 1039 1584 partem
1063 1511 1145 1568 collis

119 1621 213 1676 usque
240 1602 275 1658 ad
301 1619 415 1658 murum
448 1601 545 1676 oppidi
579 1601 756 1658 densissimis
789 1602 891 1658 castris
924 1601 1143 1676 compleverant.

21 1715 32 1726 ’
119 1691 241 1764 Milites,
256 1693 323 1749 dato
343 1692 436 1767 signo,
458 1691 589 1747 celeriter
611 1692 646 1747 ad
666 1691 855 1748 munitionem
877 1692 1056 1766 perveniunt,
1071 1709 1147 1748 eam·

119 1801 177 1859 que
204 1782 383 1859 transgressi,
412 1782 495 1838 trinis
523 1783 623 1838 castris
649 1781 805 1856 potiuntur.
857 1782 904 1838 Ac
930 1791 1011 1837 tanta
1037 1781 1090 1838 suit
1116 1781 1146 1838 in

120 1874 268 1949 capiendis
292 1873 393 1930 castris
417 1872 558 1942 celeritas,
580 1882 610 1928 ut
634 1872 836 1942 Teutomatus,
860 1890 910 1928 rex
937 1870 1145 1947 Nitiobrigum,

119 1964 214 2022 subito
229 1965 259 2021 in
273 1963 459 2021 tabernaculo
471 1979 632 2038 oppressus,
647 1975 679 2019 ut
694 1963 813 2020 meridie
839 1963 1052 2036 conquieverat,
1065 1980 1146 2036 supe·

120 2056 196 2112 riore
210 2055 335 2131 corporis
348 2065 428 2129 parte
442 2054 559 2125 nudata,
574 2050 723 2111 vulnerato
741 2072 825 2129 equo,
840 2053 887 2110 vix
906 2071 937 2110 se
958 2072 993 2110 ex
1013 2053 1145 2110 manibus

119 2147 308 2222 praedantium
323 2146 444 2203 militum
461 2146 592 2220 eriperet.

160 2237 284 2294 XLVII.
323 2237 504 2295 Consecutus
531 2237 570 2307 id,
598 2237 674 2311 quod
702 2237 798 2294 animo
823 2245 1019 2311 proposuerat,
1046 2235 1144 2292 Caesar

121 2328 249 2402 receptui
264 2328 329 2384 cani
341 2328 433 2402 jussit,
448 2328 626 2402 legionisque
640 2327 770 2396 decimae,
786 2328 842 2400 quit
863 2339 923 2383 turn
945 2337 1007 2382 erat
1027 2327 1145 2382 comita-

120 2430 177 2489 tus,
201 2420 283 2494 signa
307 2417 470 2474 constitere.
522 2417 562 2472 At
585 2417 758 2488 reliquarum
778 2417 883 2472 milites
904 2416 1062 2491 legionum,
1086 2435 1144 2472 non

119 2510 256 2568 exaudito
269 2508 344 2564 tubae
359 2526 440 2575 sono,
451 2504 527 2577 qudd
540 2502 609 2560 satis
619 2523 724 2578 magna
734 2506 820 2561 valles
831 2506 1037 2572 intercedebat,
1050 2515 1145 2560 tamen

122 2602 158 2658 ab
179 2597 303 2654 tribunis
322 2597 444 2650 militum
467 2593 634 2666 legatisque,
649 2601 681 2647 ut
700 2604 760 2650 erat
785 2612 801 2650 a
824 2595 938 2650 Caesare
961 2604 1145 2667 preceptum,

121 2689 339 2748 retinebantur:
367 2683 417 2739 sed
441 2682 507 2738 elati
531 2699 581 2756 spe
605 2681 706 2738 celeris
731 2683 856 2738 victoriae
881 2693 909 2739 et
930 2683 1054 2738 hostium
1079 2684 1146 2758 lugd
1180 2677 1183 2682 ’

122 2777 360 2854 superiorumque
377 2784 534 2847 temporum
555 2772 689 2829 secundis
708 2773 826 2848 proeliis,
841 2773 912 2829 nihil
934 2771 1005 2829 aderi
1027 2773 1145 2832 arduum

123 2870 179 2927 sibi
204 2865 412 2934 existimabant,
433 2865 507 2938 quod
532 2883 589 2920 non
612 2863 716 2921 virtute
741 2863 877 2937 consequi
900 2878 1031 2939 possent;
1052 2883 1145 2940 neque

123 2958 204 3036 priris
228 2957 312 3014 finem
338 2955 473 3028 sequendi
496 2955 635 3026 fecerunt,
660 2955 746 3030 quim
769 2973 851 3012 moro
877 2956 973 3031 oppidi
999 2958 1145 3032 portisque

124 3049 389 3124 appropinquarent.
431 3045 508 3102 Tum
536 3045 603 3103 rerd
625 3065 660 3104 ex
681 3047 815 3102 omnibus
837 3047 915 3103 urbis
934 3048 1062 3122 partibus
1082 3060 1145 3106 orto

122 3142 257 3208 elamore,
268 3138 316 3212 qui
331 3135 443 3212 longiris
459 3139 584 3207 aberant,
596 3139 746 3211 repentino
757 3137 879 3194 tumultu
893 3139 1044 3212 perterriti,
1056 3159 1143 3213 quum

121 3233 231 3288 hostem
247 3230 429 3303 intra‘portas
443 3247 505 3284 esse
520 3229 723 3298 existimarent,
739 3246 801 3286 sese
815 3246 850 3284 ex
864 3229 968 3303 oppido
988 3230 1135 3305 ejecerunt

123 3323 232 3381 Matres
259 3321 372 3377 familiae
397 3319 433 3376 de
457 3339 540 3376 muro
566 3329 674 3376 vestem
702 3330 909 3396 argentumque
931 3320 1088 3396 jactabant,
1116 3331 1143 3378 et

120 3414 246 3490 pectoris
273 3411 329 3468 fine
352 3410 556 3485 prominentes,
578 3410 669 3484 passis
692 3411 824 3468 manibus
847 3411 1061 3468 obtestabantur
1085 3411 1144 3467 Ro-

122 3523 231 3572 manos,
247 3513 278 3558 ut
298 3502 353 3558 sibi
373 3511 533 3576 parcerent,
548 3519 615 3570 neu,
630 3501 712 3559 sicut
726 3502 844 3558 Avarici
868 3502 1012 3570 fecissent,
1027 3519 1064 3556 ne
1085 3519 1145 3555 mu-

121 3595 240 3653 lieribus
267 3592 381 3666 quidem
409 3602 493 3665 atque
511 3592 673 3648 infantibus
695 3593 877 3648 abstinerent.
919 3590 1084 3654 Nonnulla,
1109 3587 1145 3643 de

122 3685 211 3741 muris
223 3699 274 3758 per
289 3701 390 3740 manus
403 3682 543 3752 demissa,
555 3701 617 3738 sese
630 3683 769 3738 militibus
782 3681 939 3738 tradebant.
982 3678 1014 3733 L.
1028 3675 1144 3744 Fabiae,

121 3775 254 3833 centurio
267 3771 388 3848 legionis
401 3772 486 3842 VIII,
498 3791 582 3846 quern
597 3773 670 3829 inter
682 3791 748 3829 suos
762 3790 797 3828 eo
811 3771 857 3826 die
871 3769 976 3824 dixisse
987 3764 1145 3835 constabat,

124 3863 261 3924 ‘excitari
284 3879 315 3920 se
339 3861 564 3919 Avaricensibus
584 3861 718 3936 premiis,
740 3875 835 3931 neque
858 3854 1088 3923 commissurum,
1115 3865 1145 3914 ut

441 3952 478 4006 12
