2566 4270
38 311 44 322 .
118 281 176 344 ηδ
442 273 489 322 ΒΕ
511 272 629 322 BELLO
652 271 813 322 eunuco
978 270 1058 336 [Car.
1074 269 1155 319 6-9.

117 420 162 490 Εὸ
181 437 269 496 quum
287 418 421 488 venisset,
435 417 541 494 magnai
562 415 730 472 difficultate
752 413 940 483 afficiebatur,
955 413 1012 490 qud
1035 413 1155 470 ratione

119 512 154 577 ad
168 512 325 570 exercitum
338 509 488 584 pervenire
502 517 606 582 posset.
648 506 725 562 Nam
740 505 763 561 si
778 505 908 580 legiones
922 504 951 560 in
969 504 1155 580 provinciam

118 613 283 670 arcesseret,
298 619 329 656 se
344 601 460 656 absente
476 600 505 655 in
520 599 622 654 itinere
636 597 736 672 proelio
750 596 937 652 dimicaturas
952 595 1153 671 intelligebat:

118 695 141 751 si
156 693 216 767 ipse
231 691 265 748 ad
280 692 438 748 exercitum
453 689 650 758 contenderet,
664 707 701 744 ne
716 688 751 744 iis
765 686 891 761 quidem,
906 688 955 761 qui
970 705 1006 743 eo
1019 699 1153 761 tempore

116 785 212 859 pacati
227 783 399 851 viderentur,
414 799 495 838 suam
510 780 629 836 salutem
645 777 723 834 recte
739 778 879 834 committi
896 778 1017 834 videbat
1096 801 1100 808 ·

157 874 224 930 vll.
253 872 373 930 Interim
394 871 548 928 Lucterius
568 869 730 940 Cadurcus,
750 869 779 926 in
801 868 935 925 Rutenos
955 868 1067 938 missus,
1083 885 1154 924 eam

119 963 265 1020 civitatem
292 962 432 1019 Arvernis
459 961 604 1018 conciliat.
653 959 825 1036 Progressus
852 959 882 1016 in
909 957 1090 1035 Nitiobriges
1119 965 1154 1016 et

118 1053 254 1124 Gabalos,
270 1053 305 1109 ab
329 1053 458 1126 utrisque
482 1051 596 1109 obsides
619 1051 733 1125 accipit,
749 1061 777 1108 et
800 1050 905 1126 magni
926 1050 1027 1107 coacta
1048 1069 1152 1121 manu,

120 1144 150 1202 in
170 1145 348 1220 provinciam
369 1141 538 1200 Narbonem
558 1161 656 1200 versus
674 1141 853 1216 eruptionem
874 1141 969 1198 lacere
990 1142 1152 1199 contendit.

117 1235 189 1298 Qut
202 1253 233 1292 re
247 1235 394 1304 nunciati,
406 1234 503 1290 Caesar
515 1234 648 1290 omuibus
662 1233 790 1290 consiliis
802 1233 1036 1306 antevertendum
1051 1233 1154 1290 existi-

118 1326 215 1395 mavit,
230 1339 262 1382 ut
275 1325 442 1382 Narbonem
455 1325 692 1399 proficisceretur.
734 1321 779 1380 Ed
794 1343 882 1398 quum
897 1324 1031 1395 venisset,
1045 1325 1153 1381 timen-

118 1425 162 1474 tes
182 1415 341 1486 confirmat,
355 1411 488 1490 praesidia
508 1415 538 1472 in
560 1415 686 1472 Rutenis
706 1401 940 1490 provincialibus,
955 1415 1054 1473 Volcis
1075 1416 1153 1472 Are-

119 1505 250 1577 comicis,
264 1506 460 1576 Tolosatibus,
476 1507 644 1580 circumque
658 1505 837 1576 Narbonem,
852 1526 915 1580 quae
932 1507 997 1564 loca
1017 1506 1152 1563 hostibus

119 1610 200 1655 erant
221 1597 351 1668 finitima,
373 1598 537 1654 constituit:
559 1609 668 1671 partem
690 1598 836 1672 copiarum
857 1617 892 1654 ex
913 1599 1061 1673 provincial
1083 1617 1152 1672 sup-

118 1687 360 1762 plementumque,
376 1688 451 1762 quod
466 1706 502 1745 ex
522 1687 606 1744 ltalia
629 1688 794 1759 adduxerat,
809 1689 839 1745 in
861 1688 990 1760 Helvios,
1005 1690 1054 1764 qui
1075 1689 1151 1746 lines

119 1780 314 1836 Arvernorum
329 1780 509 1855 contingunt,
525 1779 678 1836 convenire
690 1779 779 1856 jubet.

158 1869 240 1927 Vlll.
270 1869 324 1926 His
339 1873 423 1928 rebus
438 1871 618 1946 comparatis,
630 1889 759 1945 represso
770 1871 828 1946 jam
840 1869 977 1928 Lucterio
987 1883 1016 1928 et
1026 1883 1149 1943 remoto,

119 1960 195 2034 quod
221 1961 326 2016 intrare
348 1963 422 2017 intra
442 1962 575 2036 praesidia
597 1961 792 2036 periculosum
818 1963 946 2036 putabat,
968 1963 997 2020 in
1026 1953 1149 2021 Helvios

117 2050 327 2126 proficiscitur:
349 2053 403 2109 etsi
417 2073 499 2110 mons
513 2053 659 2123 Cevenna,
675 2053 723 2126 qui
738 2053 884 2110 Arvernos
906 2054 940 2110 ab
962 2053 1073 2112 Helviis
1092 2055 1149 2112 dis·

119 2141 219 2210 cludit,
234 2141 386 2198 durissimo
399 2154 526 2218 ternpore
542 2144 619 2214 anni,
635 2145 772 2200 altissima
793 2144 858 2202 nive
880 2145 932 2202 iter
953 2144 1147 2220 impedrebat3

118 2243 214 2289 tamen
235 2232 363 2288 discussi
384 2233 449 2289 nive
470 2234 512 2290 VI
537 2235 566 2290 in
593 2234 772 2292 altitudinem
796 2236 913 2310 pedum,
929 2248 1014 2312 atque
1033 2238 1071 2294 ita
1092 2239 1148 2294 viis

117 2323 277 2397 patefactis,
292 2341 403 2380 summo
417 2324 539 2381 militurn
553 2325 651 2383 labore
666 2327 701 2382 ad
715 2327 787 2383 fines
801 2327 996 2384 Arvernorum
1006 2330 1145 2404 pervenit.

117 2413 399 2490 Quibusoppressis
421 2416 647 2490 inopinantibus,
670 2417 747 2491 quod
769 2436 800 2474 se
825 2418 973 2490 Cevenna,
997 2432 1028 2476 ut
1052 2439 1146 2491 muro,

117 2506 243 2563 munitos
257 2507 465 2577 existimabant,
482 2526 517 2562 ac
533 2527 570 2564 ne
591 2509 728 2584 singulari
750 2509 865 2582 quidem
888 2529 1013 2584 unquam
1035 2511 1146 2567 homini

118 2615 153 2654 eo
166 2609 293 2672 tempore
308 2597 374 2654 anni
389 2597 496 2655 semitm
514 2609 675 2672 patuerant,
691 2600 835 2674 equitibus
857 2600 986 2676 imperat,
1001 2613 1042 2672 ut,
1058 2601 1145 2676 quim

117 2687 254 2759 latissime
274 2700 399 2764 possent,
414 2703 562 2766 vagentur,
576 2700 605 2746 et
618 2690 712 2770 ¹qulam
733 2691 887 2748 maximum
909 2691 1038 2750 hostibus
1058 2705 1146 2750 terro-

116 2797 177 2836 rem
192 2780 322 2838 inferant.
364 2781 504 2838 Celeriter
519 2781 581 2837 hoec
595 2781 671 2837 famil
686 2800 720 2837 ac
739 2781 855 2839 nunciis
876 2783 911 2839 ad
931 2783 1146 2860 Vercingetori-

117 2888 182 2946 gem
196 2870 395 2944 perseruntur:
417 2891 502 2945 quem
515 2872 657 2948 perterriti
672 2891 771 2929 omnes
785 2873 908 2930 Arverni
929 2874 1159 2938 circumsistunt„

118 2970 203 3031 atque
217 2959 379 3030 obsecrant,
393 2971 425 3017 ut
443 2964 503 3019 suis
525 2963 645 3036 fortunis
668 2964 808 3036 consulat,
823 2983 880 3022 neu
904 2984 935 3022 se
956 2967 992 3022 ab
1015 2967 1146 3026 hostibus

117 3050 202 3124 diripi
223 3050 362 3124 patiatur3
391 3055 549 3126 praesertim
573 3073 662 3128 quum
690 3055 785 3113 videat
808 3039 894 3114 onina
919 3057 954 3114 ad
979 3076 1010 3114 se
1038 3059 1144 3116 bellum

116 3141 292 3217 translatum.
332 3141 467 3202 Quorum
491 3145 539 3202 ille
561 3147 696 3221 precibus
713 3158 870 3222 permotus,
894 3159 989 3205 castra
1009 3167 1044 3206 ex
1065 3149 1145 3206 Bitu-

116 3209 226 3306 irgibus
240 3242 334 3288 movet
348 3232 377 3289 in
392 3234 537 3294 Arvernos
551 3257 656 3295 versus.

155 3319 210 3378 IX.
239 3321 280 3378 At
300 3320 407 3394 Caesar,
422 3326 574 3383 biduum
567 3329 654 3385 iniis
677 3329 750 3386 locis
773 3339 910 3400 moratus,
925 3327 1002 3404 qudd
1023 3329 1085 3386 haec
1107 3330 1144 3388 de

116 3409 355 3489 Vercingetorige
379 3433 431 3470 usu
455 3427 574 3474 ventura
595 3420 730 3493 opinione
753 3432 938 3496 preceperat,
952 3439 1003 3495 per
1026 3439 1143 3478 causam

116 3501 304 3576 supplementi
319 3504 519 3580 equitatusque
534 3509 655 3583 cogendi
672 3511 706 3566 ab
721 3511 848 3568 exercitu
860 3511 1000 3582 discedit3
1023 3511 1144 3568 Brutum

117 3593 326 3651 adolescentem
351 3595 386 3652 iis
410 3597 500 3670 copiis
527 3599 659 3671 praeficit;
692 3599 769 3658 hunc
794 3615 901 3673 monet,
930 3614 961 3659 ut
985 3557 1014 3658 ih
1043 3622 1144 3660 ornnes

114 3696 210 3758 partes
230 3686 340 3758 equites
361 3686 447 3760 quam
471 3687 608 3744 latissime
630 3704 838 3767 pervagentur:
861 3693 1012 3750 ‘daturum
1034 3713 1064 3751 se
1078 3713 1145 3768 ope·

114 3791 186 3845 ram,
200 3794 238 3832 ne
251 3775 373 3852 longius
379 3779 475 3840 triduo
489 3780 524 3834 ab
539 3780 639 3836 castris
654 3783 744 3838 absit’
787 3783 843 3840 His
862 3785 1026 3842 constitutis
1046 3787 1143 3856 rebus,

115 3863 175 3918 suis
170 3863 418 3960 inopinantibus,
438 3867 524 3948 quam
548 3870 680 3934 maximis
700 3883 793 3944 potest
814 3874 974 3946 itineribus,
998 3875 1143 3933 Viennam
