2566 4270
114 319 182 367 co.
199 318 234 381 ι.]
477 315 755 371 errassemus
810 311 813 320 ·
1106 317 1147 382 95

115 459 219 520 bienus
231 479 299 518 snos
313 458 389 518 intra
401 459 576 520 munitiones
595 463 772 535 continebat,
787 462 956 538 timorisque
970 461 1145 539 opinionem,

114 552 346 628 quibuscumque
359 563 478 628 poterat
484 555 578 624 rebus,
595 556 725 632 augebat.

154 641 278 702 LVIII.·
293 645 395 705 Quum
410 645 517 721 majore
531 646 561 703 in
576 646 638 703 dies
652 646 866 722 contemptione
881 645 1095 705 Indutiomarus
1110 643 1145 702 ad

116 745 211 792 castra
226 735 386 806 aecederet,
400 747 487 794 nocte
500 737 569 808 und,
585 737 755 794 intromissis
768 737 912 812 equitibus
929 737 1058 795 omniurn
1072 737 1146 794 tinit-

116 826 239 884 imarum
253 826 411 897 civitatum,
427 847 499 902 quos
514 829 699 886 arcessendos
720 839 879 900 curaverat,
894 829 974 886 tanta
995 828 1144 905 diligentie

117 935 218 976 ornnes
230 937 297 975 suos
311 919 450 976 curatodiis
464 919 540 976 intra
554 929 647 976 castra
661 920 814 990 continuit,
829 931 871 976 ut·
880 920 959 978 nullia
980 920 1090 977 ratione
1111 939 1145 978 ea

37 1067 43 1082 ,
116 1028 164 1066 res
177 1009 326 1067 enunciari
344 1020 392 1067 aut
410 1010 445 1066 ad
465 1009 602 1067 Treviros
615 1011 734 1086 perferri
751 1021 867 1086 posset„
896 1010 1016 1068 Interim
1030 1029 1065 1068 ex
1079 1029 1146 1068 con·

117 1100 270 1158 suetudine
284 1101 451 1175 quotidiana
464 1101 680 1158 Indutiomarus
693 1102 731 1158 ad
747 1113 841 1160 castra
862 1101 984 1173 accedit,
1001 1113 1085 1176 atque
1105 1101 1145 1159 ibi

118 1208 253 1268 magnam
278 1203 388 1267 partem
416 1193 474 1250 diei
502 1193 664 1264 consumit5
699 1193 811 1268 equites
837 1194 895 1251 tela
921 1193 1089 1270 conjiciunt,
1117 1203 1146 1250 et

118 1281 223 1358 magna
238 1299 305 1339 curn
319 1283 495 1340 contumelia
510 1285 661 1340 verborum
679 1295 792 1342 nostros
813 1285 847 1342 ad
868 1303 994 1362 pugnarn
1015 1295 1143 1343 evocant.

119 1371 209 1430 Nullo
229 1373 265 1429 ab
286 1373 390 1441 nostris
413 1373 480 1430 dato
502 1387 648 1450 responso,
664 1375 713 1432 ubi
734 1375 825 1432 visum
847 1387 900 1447 est,
921 1377 974 1434 snb
995 1393 1144 1451 vesperum

117 1463 238 1540 dispersi
253 1481 288 1520 ac
301 1463 429 1539 dissipati
443 1464 603 1523 discedunt.
645 1466 749 1524 Subito
761 1467 910 1530 Labienus
924 1467 1036 1524 duabus
1055 1468 1145 1543 portis

22 1617 28 1627 ,
117 1550 232 1612 omnem
246 1554 403 1630 equitatum
418 1555 539 1625 emittit3
560 1557 690 1631 precipit
712 1569 795 1632 atque
816 1557 972 1628 interdicit,
986 1559 1145 1634 proterritis

118 1646 249 1704 hostibus
272 1658 356 1720 atque
381 1645 410 1702 in
434 1646 531 1723 fugam
552 1647 700 1722 conjectis,
726 1647 816 1723 (quod
838 1649 908 1716 sore,
929 1649 1005 1705 sicut
1028 1649 1144 1720 accidit,

117 1738 256 1816 videbat)
272 1757 361 1794 uuum
384 1755 483 1794 omnes
503 1747 602 1812 petant
622 1737 869 1808 Indutiomarum;
891 1757 948 1796 neu
972 1739 1036 1812 quis
1060 1757 1146 1813 quem

116 1829 197 1906 priris
224 1829 362 1900 vulneret,
390 1827 477 1903 quim
504 1829 585 1886 ill'um
612 1827 794 1885 interiectum
822 1829 933 1900 viderit,
961 1828 1038 1903 qudd
1066 1830 1145 1886 mori

116 1921 291 1996 reliquorum
319 1919 442 1996 spatium
469 1931 587 1978 nactum
614 1920 696 1977 'illum
724 1921 850 1997 effugere
876 1920 1009 1978 nolebat:
1024 1939 1025 1944 ¹
1041 1939 1146 1998 magna

116 2012 249 2090 proponit
263 2011 308 2083 iis,
323 2012 372 2086 qui
391 2011 560 2084 occiderint,
574 2011 709 2088 praemia:
730 2011 872 2070 submittit
892 2012 1024 2070 cobortes
1045 2013 1146 2087 equiti·

116 2105 170 2164 bus
184 2104 320 2162 subsidio.
362 2104 538 2180 Comprobat
551 2103 676 2161 bominis
690 2103 843 2161 consilium
864 2103 987 2176 fortuna,
1002 2115 1041 2176 et,
1056 2123 1144 2180 quum

116 2215 207 2253 unum
220 2213 320 2252 omnes
333 2205 472 2271 peterent,
488 2194 594 2272 inipso
609 2193 824 2252 fluminis‘vado
844 2193 1038 2272 deprehensus
1058 2195 1145 2253 Indu·

116 2287 253 2354 tiomarus
267 2287 446 2358 interficitur,
462 2297 603 2362 caputque
618 2287 678 2362 ejus
698 2287 819 2344 refertur
841 2287 870 2344 in
892 2299 1005 2365 castra:
1024 2287 1145 2344 redeun-

117 2391 160 2436 tes
180 2379 301 2454 equites,
316 2397 387 2453 qnos
410 2389 540 2453 possunt,
562 2388 764 2434 consectantur
787 2389 871 2452 atque
891 2379 1036 2435 occidunt.
1079 2377 1145 2435 Hac
1247 2395 1251 2402 ·

116 2490 147 2528 re
162 2470 290 2547 cogniti,
305 2487 405 2526 omnes
419 2469 589 2524 Eburonum
609 2477 638 2523 et
658 2467 843 2538 Nerviorum,
857 2487 920 2542 qum
941 2479 1145 2539 convenerant,

116 2563 208 2637 copiae
222 2558 389 2627 discedunt3
409 2557 553 2632 pauloque
566 2555 667 2612 habuit
686 2567 751 2632 post
773 2557 802 2614 id
823 2558 930 2614 sactum
951 2557 1049 2614 Caesar
1069 2559 1147 2632 quie·

116 2654 221 2712 tiorem
234 2647 368 2704 Galliam.

332 3103 402 3168 DE
441 3103 631 3168 BELLO
672 3101 934 3168 GALLICO

513 3292 655 3398 creua
683 3307 748 3360 vr.

157 3471 181 3530 l.
210 3471 332 3530 Murrus
347 3471 383 3528 de
397 3468 493 3526 causis
507 3468 765 3546 Caesau,·majorem
779 3469 881 3528 Gallia
901 3481 1011 3528 motum
1032 3489 1147 3547 exspec-

12 3557 15 3564 ’
117 3576 193 3634 tans,
217 3581 268 3638 per
293 3557 333 3618 M.
359 3561 501 3632 Silanum,
523 3560 562 3618 C..
583 3559 743 3618 Antistium
765 3559 925 3638 Reginum,
946 3561 983 3618 T.
1006 3562 1146 3630 Sextium,

117 3657 238 3732 legatos,
253 3653 396 3710 delectum
412 3651 517 3709 habere
535 3652 676 3709 instituit:
699 3652 782 3709 simul
806 3655 841 3710 ab
863 3653 917 3709 Cn.
933 3651 1071 3724 Pompeio
1084 3669 1148 3724 pro·

118 3746 238 3806 consule
251 3745 332 3820 petit,
348 3737 557 3818 quoniam'spse
573 3744 607 3800 ad
618 3744 728 3800 'urbem
752 3737 818 3800 cum
840 3741 961 3818 imperio
982 3740 1147 3813 reipublice

118 3838 208 3898 causi
221 3845 392 3907 remaneret,
407 3842 479 3910 quos
493 3853 528 3892 ex
541 3835 689 3911 Cisalpini
704 3835 800 3893 Gallia
821 3833 948 3890 consulis
969 3845 1148 3890 sacramento

119 3929 291 4007 rogavisset,
301 3927 336 3986 ad
350 3928 433 4004 signa
447 3926 601 3984 convenire
615 3936 644 3984 et
658 3926 694 3984 ad
708 3923 893 4000 seproficisoi
905 3922 1034 3998 juberet:
1049 3926 1146 4003 magni
