2566 4270
126 303 193 364 cir.
208 303 290 370 t-rq
498 299 606 364 tinen
628 299 773 354 saxeus.
1089 350 1093 358 ,
1112 304 1152 364 97

124 445 206 509 sarid·
214 445 358 506 sententis
372 444 522 517 desistunt,
535 446 701 524 legatosque
714 444 888 522 deprecandi
910 443 998 502 eausa
1020 443 1055 500 ad
1076 443 1153 502 Caes-

126 555 204 596 arem
225 539 360 607 mittunt3
383 537 488 594 adeunt
508 557 558 612 per
580 536 702 608 AEduos,
717 555 838 612 quorum
864 536 1020 610 antiquitus
1041 549 1101 592 erat
1122 536 1151 592 in

124 628 181 686 lide
205 628 314 686 civitas.
356 627 492 686 Libenter
519 627 616 684 Caesar
641 629 805 703 petentibus
828 627 932 686 AEdnis
956 627 1004 684 dat
1029 627 1152 696 veniam,

124 718 397 794 excusationemque
411 719 532 794 accipit3
554 718 631 793 qnbd
645 721 774 776 aestivum
788 731 900 794 tempus
922 719 1053 775 instantis
1074 717 1151 789 belli,

123 828 184 866 nou
198 809 365 884 questionis
378 827 442 867 esse
457 811 653 866 arbitrabatur.
694 810 852 869 Obsidibus
867 809 1012 885 imperatis
1026 819 1151 879 centuni,

124 899 179 960 hos
205 899 310 958 AEduis
337 899 541 969 custodiendos
574 900 668 958 tradit.
723 900 835 958 Ebdem
869 901 1011 958 Carnutes
1044 900 1152 978 legator

124 990 297 1066 obsidesque
317 991 445 1061 mittunt,
465 991 509 1048 nsi
538 989 770 1065 deprecatoribus
794 989 907 1060 Remis,
931 999 1153 1064 qnorumeraut

124 1081 157 1138 in
171 1081 322 1140 clientelis:
343 1081 444 1141 eadem
460 1081 554 1138 ferunt
567 1097 712 1156 responsa.
753 1080 870 1158 Peragit
878 1080 1035 1137 concilium
1045 1080 1152 1151 Casae,

125 1172 294 1246 equitesque
307 1172 429 1248 imperat
443 1171 615 1230 civitatibus.
706 1219 710 1226 .

166 1262 202 1320 V.
231 1263 300 1324 Hac
318 1274 399 1338 parte
418 1263 521 1330 Gallie
544 1263 657 1338 pacati,
682 1273 759 1322 totus
783 1273 812 1320 et
835 1273 931 1321 mente
952 1273 982 1319 et
1003 1261 1099 1318 animo
1122 1261 1152 1320 in

125 1352 234 1412 bellum
255 1353 442 1418 Trevirorum
463 1364 492 1412 et
513 1354 691 1431 Ambiorigis
718 1354 831 1422 insistit.
882 1350 1057 1410 Cavarinum
1073 1347 1152 1410 'cum

125 1445 255 1520 equitatu
269 1446 418 1506 Senonum
431 1463 529 1502 secum
543 1446 688 1520 proficisci
702 1446 793 1522 jubet,
807 1464 844 1502 uc
858 1445 922 1520 quis
944 1455 993 1502 ant
1012 1463 1048 1501 ex
1068 1443 1152 1523 hujus

125 1535 276 1595 iracundia
291 1547 339 1594 aut
352 1555 388 1594 ex
401 1555 446 1608 eo,
461 1537 538 1611 quod
551 1548 704 1608 meruerat,
719 1537 786 1616 odio
806 1537 930 1599 civitatis
952 1547 1046 1594 motus
1066 1537 1153 1592 exsis-

125 1636 175 1684 tat.
217 1627 273 1687 His
295 1627 381 1685 rebus
400 1628 573 1698 constitutis,
588 1627 665 1702 qudd
688 1648 741 1704 pro
763 1628 910 1703 explorato
929 1628 1062 1698 habebat,
1083 1629 1154 1684 Am·

126 1717 265 1794 biorigem
279 1718 380 1794 proelio
399 1737 458 1776 non
478 1737 541 1775 esse
562 1730 804 1788 con-certaturum,
819 1719 930 1792 reliqua
949 1718 1011 1793 ejus
1032 1717 1153 1795 consilia

126 1807 223 1866 animo
246 1809 506 1887 circumspiciebat.
548 1808 639 1866 Erant
660 1809 790 1884 Menapii
809 1808 961 1884 propinqui
984 1807 1153 1866 Eburonum

124 1898 240 1970 finibus,
254 1901 400 1975 perpetuis
412 1899 564 1976 paludibus
578 1901 713 1975 silvisque
734 1901 846 1971 ninniti,
862 1899 910 1974 qui
932 1899 981 1956 uni
1002 1917 1038 1956 ex
1057 1899 1152 1956 Gallia

125 1991 162 2048 de
175 2009 247 2066 pace
262 1990 297 2047 ad
312 1991 457 2048 Caesarem
471 1991 579 2068 legatos
593 2011 744 2066 nunquam
758 1992 901 2048 miserant.
944 1991 1018 2046 Cum
1034 1991 1069 2052 iis
1089 2009 1151 2046 esse

125 2081 280 2158 hospitium
304 2082 469 2160 Ambiorigi
490 2083 618 2140 sciebatt
641 2083 709 2140 item
726 2102 777 2158 per
801 2082 937 2142 Treviros
957 2082 1068 2140 venisse
1082 2082 1152 2138 Ger·

125 2173 219 2238 manis
240 2173 270 2231 in
298 2168 454 2232 amicitiam
481 2187 662 2252 cognoverat.
705 2173 778 2232 Haeo
800 2173 881 2250 prius
908 2174 949 2231 illi
976 2173 1152 2231 detrahenda

127 2265 232 2322 auxilia
245 2265 434 2337 existimabat,
448 2263 535 2340 qubm
550 2267 643 2342 ipsum
658 2267 734 2324 bello
747 2267 900 2324 lacesseret
912 2286 918 2335 ;
940 2285 987 2336 ne,
1002 2265 1151 2339 desperata

125 2357 227 2428 salute,
251 2368 300 2414 aut
321 2375 352 2414 se
376 2357 407 2414 in
431 2355 583 2432 Menapios
609 2358 735 2426 abderet,
761 2369 808 2414 aut
830 2377 896 2414 cum
920 2357 1152 2412 Transrhenanis

126 2448 263 2524 congredi
287 2458 447 2523 cogeretur.
489 2447 556 2502 Hoc
580 2447 653 2502 inito
673 2447 803 2518 consilio,
826 2448 914 2504 totius
936 2447 1078 2502 exercitiis
1103 2446 1154 2501 im-

59 2599 61 2604 ,
125 2538 289 2612 pedimenta
311 2538 346 2592 ad
368 2536 528 2592 Labienum
552 2536 581 2592 in
605 2535 741 2592 Treviros
763 2537 859 2606 mittit,
874 2537 1001 2609 duasque
1025 2537 1153 2610 legiones

126 2628 162 2684 ad
176 2646 243 2684 enm
257 2626 403 2700 proficisci
415 2625 515 2698 jubet:
537 2625 597 2699 ipse
612 2643 678 2680 cunr
693 2625 855 2700 legionibus
875 2625 1014 2698 expeditis
1028 2626 1153 2700 quinquo

125 2718 156 2775 in
178 2716 332 2790 Menapios
353 2714 553 2790 proficiscitur.
595 2715 651 2786 Illi,
673 2716 751 2772 nulli
773 2717 875 2772 coacti
897 2731 993 2786 manu,
1008 2715 1065 2772 loci
1085 2735 1154 2790 prae·

126 2807 201 2873 sidio
216 2805 291 2878 freti,
306 2805 335 2862 in
350 2805 434 2864 silvas
447 2805 622 2882 paludesque
641 2807 821 2884 confugiunt,
836 2825 944 2880 suaque
964 2806 1066 2865 ebdom
1087 2827 1154 2866 con-

128 2901 232 2958 serunt.
337 2896 339 2901 ’
819 2975 821 2979 ¹

166 2990 217 3048 VI.
246 2989 353 3062 Caesar,
367 2989 478 3066 partitis
492 2990 582 3066 copiis
596 3009 663 3047 curn
678 2991 712 3048 C.
728 2990 820 3048 Fabio
834 2991 929 3066 legato
943 3001 971 3047 et
991 2989 1032 3048 M.
1048 2991 1153 3050 Crasso

126 3093 276 3159 questore,
291 3083 478 3158 celeriterque
497 3082 608 3140 effectis
627 3083 771 3158 pontibus,
788 3081 846 3138 adit
865 3081 1017 3158 tripartito,
1032 3084 1153 3142 aedificia

125 3175 261 3249 vicosque
289 3173 427 3244 incendit,
455 3193 561 3250 magno
593 3172 707 3248 pecoris
735 3183 819 3247 atque
853 3173 1000 3231 bominum
1033 3193 1153 3233 numero

125 3265 240 3341 potitur.
281 3264 508 3326 Quibus'rebus
532 3264 626 3320 coacti
651 3262 791 3339 Menapii,
805 3265 914 3342 legatos
937 3265 971 3322 ad
993 3283 1059 3323 eum
1072 3266 1153 3342 pacis

124 3355 256 3431 petendae
279 3356 366 3412 causi
395 3354 519 3411 mittunt.
560 3345 623 3424 Ille,
646 3355 792 3412 obsidibus
817 3357 952 3432 acceptis,
973 3357 1097 3414 hostiurn
1122 3376 1153 3414 se

126 3445 292 3502 habiturum
318 3463 440 3505 numero
467 3445 626 3528 confirmat,
654 3446 678 3504 si
708 3458 756 3504 aut
782 3447 981 3525 Ambiorigem
1016 3460 1065 3506 aut
1091 3449 1153 3524 ejus

126 3537 237 3611 legatos
250 3535 355 3592 linibus
375 3535 435 3592 suis
456 3537 638 3612 recepissent.
680 3537 736 3594 His
760 3539 935 3598 confirmatis
958 3541 1053 3609 rebus,
1068 3539 1154 3596 Com·

128 3627 218 3682 mium
246 3625 414 3682 Atrebatem
442 3645 509 3684 cum
536 3627 665 3701 equitatu
692 3630 819 3688 custodis
852 3631 918 3688 loco
951 3632 982 3688 in
1008 3629 1153 3704 Menapiis

127 3715 281 3789 relinquit;
304 3716 364 3792 ipse
385 3716 414 3774 in
435 3716 572 3774 Treviros
592 3719 790 3794 proficiscitur.

167 3806 234 3864 VlI.
263 3806 341 3864 Dum
356 3807 418 3864 hec
439 3827 456 3864 a
476 3807 592 3867 Caesare
611 3821 758 3887 geruntur,
773 3811 898 3882 Treviri,
913 3809 1024 3886 magnis
1044 3811 1153 3870 coactis

126 3897 271 3974 peditatds
283 3897 483 3974 equiteuisque
497 3900 599 3976 copiis.
614 3901 776 3958 Labienum
790 3917 857 3958 cum
873 3900 930 3957 una
950 3900 1152 3978 legioneque
