2578 4270
122 311 191 362 ori.
208 311 322 376 rr-ts.]
486 309 592 360 arnan
614 307 791 369 ausurus.
1112 309 1154 368 aa

121 473 188 513 esse
207 455 358 512 statuebat.
398 451 509 527 Itaque,
524 453 577 510 etsi
601 471 713 510 summa
736 451 889 509 difficultas
911 449 1035 508 faciendi
1056 450 1152 524 pontis

122 545 337 621 proponebatur
360 555 473 618 propter
496 545 687 613 latitudinem,
710 544 891 617 rapiditatem
916 542 1152 614 altitudinemque

123 635 264 704 fluminis,
278 645 374 690 tamen
389 634 417 690 id
438 634 493 690 sibi
514 633 756 703 contendendum,
772 644 820 689 aut
842 633 922 689 aliter
942 627 1001 688 non
1022 633 1152 688 transdu-

123 725 252 781 cendum
264 726 420 780 exercitum
432 725 619 780 existimabat.
661 724 817 779 Rationem
828 724 923 798 pontis
934 723 1009 778 hanc
1021 723 1150 778 instituit.

124 814 226 889 Tigna
240 815 308 870 bina
321 813 538 888 sesquipedalia,
553 812 670 887 pauldm
685 815 720 870 ab
734 814 792 869 imo
804 824 958 888 praeacuta,
973 813 1103 869 dimensa
1118 812 1153 868 ad

126 905 308 961 altitudinem
322 903 458 973 fluminis,
473 903 621 959 intervallo
634 904 739 977 pedum
760 904 881 959 duorum
906 904 979 959 inter
1000 922 1031 959 se
1052 903 1154 978 junge-

124 995 185 1050 bat.
228 993 302 1050 Haec
317 1012 405 1066 quum
419 993 681 1049 machinationibus
695 993 822 1049 immissa
836 993 865 1048 in
880 993 986 1048 fiumen
1008 993 1152 1061 defixerat,

125 1083 295 1156 fistucisque
310 1083 453 1158 adegerat,
467 1102 526 1139 non
541 1083 657 1139 sublicae
672 1083 757 1138 modo
776 1083 891 1139 derecta
913 1083 948 1138 ad
961 1082 1155 1157 perpendicu-

127 1173 199 1244 lum,
224 1173 275 1230 sed
295 1191 386 1247 prona
408 1192 442 1229 ac
467 1167 608 1250 fastigata,
633 1182 664 1229 ut
691 1172 852 1228 secundum
873 1183 1004 1229 naturam
1029 1172 1155 1228 fluminis

84 1311 91 1322 .
125 1264 367 1338 procumberent:
396 1263 431 1319 iis
455 1263 523 1320 item
548 1263 692 1319 contraria
718 1263 795 1332 bina,
826 1263 861 1318 ad
887 1263 1010 1319 eundem
1038 1263 1154 1318 modum

122 1353 238 1429 juncta,
253 1353 401 1410 intervallo
413 1353 519 1428 pedum
534 1337 757 1428 quadragenum,
774 1354 809 1409 ab
829 1353 963 1410 inferiore
983 1364 1072 1427 parte,
1088 1371 1156 1408 oon-

124 1454 174 1500 tra
200 1445 258 1500 vim
286 1454 370 1516 atque
397 1443 534 1518 impetum
562 1443 687 1500 fluminis
715 1462 851 1500 conversa
878 1445 1028 1500 statuebat.
1081 1429 1155 1499 Haec

125 1543 261 1607 utraque,
276 1533 390 1608 insuper
405 1534 725 1608 bipedalibus-trabibus
739 1534 883 1603 immissis,
898 1533 1036 1610 quantiam
1056 1552 1154 1589 eorum

125 1623 275 1699 tignorum
294 1625 430 1698 junctura
450 1624 582 1692 distabat,
598 1625 672 1688 binis
694 1625 828 1696 utrinque
849 1625 943 1680 fibulis
969 1626 1003 1679 ab
1028 1623 1155 1679 extrema

124 1725 211 1789 parte
224 1714 450 1770 distinebantur:
472 1713 575 1786 quibus
590 1713 731 1782 disclusis
748 1726 831 1785 atque
852 1713 881 1768 in
902 1714 1072 1768 contrariam
1095 1732 1156 1786 par·

128 1815 189 1860 tem
210 1804 354 1875 revinctis,
369 1815 449 1860 tanta
469 1813 529 1860 erat
547 1804 640 1876 operis
662 1803 815 1872 firmitudo,
832 1814 915 1875 atque
937 1821 971 1858 ea
993 1821 1087 1858 rerum
1108 1822 1158 1858 na-

127 1906 204 1964 tura,
219 1907 260 1965 ut,
276 1914 332 1968 quo
346 1894 435 1969 major
450 1894 492 1950 vis
513 1913 593 1966 aqua
611 1912 641 1949 se
663 1892 847 1962 incitavisset,
863 1893 917 1948 hoc
939 1891 1027 1949 artibs
1049 1893 1157 1970 illigata

128 1996 305 2054 tenerentur.
347 1984 421 2042 Haec
448 1984 558 2040 directa
586 1983 704 2040 materie
732 1983 837 2058 injecta
865 1985 1100 2054 contexebantur,
1128 1996 1156 2042 et

129 2075 270 2151 longuriis
285 2075 467 2148 cratibusque
482 2073 754 2130 consternebantur:
778 2092 810 2130 ac
825 2074 915 2130 nihilo
928 2074 1024 2131 seciiis
1037 2077 1155 2132 sublicae

130 2176 161 2222 et
182 2165 217 2220 ad
239 2165 400 2222 inferiorem
421 2176 531 2239 partem
553 2161 679 2221 fluminis
701 2163 816 2238 oblique
840 2167 1005 2241 agebantur,
1021 2186 1083 2239 quae
1104 2185 1157 2240 pro

130 2255 240 2331 pariete
254 2256 399 2331 subjectae,
415 2267 443 2312 et
464 2275 531 2312 cum
552 2255 630 2312 omni
652 2273 738 2329 opere
763 2255 933 2330 conjunctae,
949 2257 1005 2312 vim
1031 2256 1156 2312 fluminis

132 2341 314 2421 erciperent:
336 2346 441 2403 etaliae
462 2347 531 2402 item
551 2365 638 2420 supra
660 2358 776 2419 pontem
800 2347 937 2402 mediocri
960 2347 1060 2420 spati0,
1076 2359 1116 2416 ut,
1132 2347 1156 2404 si

134 2437 266 2493 arborum
279 2437 375 2493 trunci
396 2436 455 2492 sive
475 2454 562 2492 naves
582 2435 737 2510 dejiciendi
760 2436 854 2509 operis
875 2447 970 2492 essent
992 2455 1008 2492 a
1030 2437 1156 2493 barbaris

130 2527 234 2596 missa,
249 2527 294 2583 his
307 2526 505 2583 defensoribus
519 2543 617 2580 earum
630 2541 726 2580 rerum
739 2525 781 2580 vis
799 2526 985 2595 minueretur,
1000 2544 1057 2582 neu
1076 2527 1157 2600 ponti

131 2627 278 2674 nocerent.

171 2704 285 2762 XVIII.
313 2703 425 2760 Diebus
439 2702 549 2773 decem,
564 2702 668 2776 quibus
691 2703 811 2782 materia
834 2713 928 2777 coepta
949 2713 1009 2760 erat
1030 2722 1158 2779 compor-

131 2795 197 2864 tari,
225 2794 304 2851 omni
331 2811 417 2868 opere
444 2793 555 2864 effecto,
580 2793 722 2850 exercitus
749 2793 950 2850 transducitur.
993 2794 1099 2865 Caesar,
1122 2797 1156 2854 ad

132 2895 281 2958 utramque
294 2895 404 2958 partem
417 2884 511 2960 pontis
525 2885 607 2941 firmo
625 2884 759 2959 praesidio
778 2885 888 2955 relicto,
905 2885 933 2940 in
955 2885 1025 2942 fines
1047 2887 1157 2962 Sigam-

132 2976 247 3032 brorum
270 2975 425 3032 contendit.
467 2973 586 3032 Interim
602 2995 618 3032 a
632 2975 827 3050 compluribus
849 2976 1011 3032 civitatibus
1034 2977 1068 3032 ad
1090 2997 1156 3036 eum

130 3066 217 3142 legati
231 3067 358 3136 veniunt,
374 3067 476 3140 quibus
499 3085 601 3142 paoem
623 3076 707 3139 atque
729 3066 884 3122 amicitiam
903 3068 1067 3141 petentibus
1087 3068 1156 3124 libe·

130 3157 226 3214 raliter
239 3157 394 3233 respondit,
409 3157 580 3230 obsidesque
596 3156 675 3212 adse
691 3156 795 3212 adduci
813 3157 902 3231 jubet.
944 3158 985 3214 At
999 3159 1155 3233 Sigambri,

131 3266 166 3304 ex
179 3265 215 3304 eo
233 3259 370 3322 tempore,
385 3267 442 3321 quo
461 3266 533 3321 pons
554 3247 664 3304 institui
689 3257 799 3321 coeptus
820 3259 872 3317 est,
889 3248 956 3323 fugai
981 3250 1154 3323 comparate,

131 3337 309 3394 hortantibus
323 3338 368 3406 iis,
383 3357 454 3410 quos
469 3355 505 3404 eu
521 3336 716 3392 Tenchtheris
738 3347 822 3411 atque
842 3338 1008 3412 Usipetibus
1030 3341 1103 3414 apud
1125 3360 1155 3397 se

131 3427 284 3497 habebant,
298 3427 402 3483 finibus
416 3421 475 3485 su'ls
489 3437 678 3496 excesserant,
693 3447 801 3502 suaque
819 3431 915 3485 omnia
930 3441 1154 3504 exportaverant,

131 3535 218 3590 seque
233 3517 262 3572 in
277 3517 459 3573 solitudinem
476 3535 509 3572 ac
524 3517 608 3573 silvas
624 3519 797 3575 abdiderant.

169 3607 256 3664 XIX.
286 3607 392 3675 Caesar,
407 3625 514 3680 paucos
535 3607 597 3663 dies
618 3608 647 3664 in
670 3628 767 3665 eorum
789 3610 893 3665 finibus
915 3621 1050 3678 moratus,
1065 3609 1155 3664 omni-

131 3699 183 3758 bus
196 3698 268 3754 vicis
282 3696 467 3770 aedificiisque
481 3697 616 3768 incensis,
632 3699 837 3772 frumentisque
852 3700 981 3768 succisiS,
994 3718 1024 3754 se
1039 3699 1068 3754 iu
1083 3699 1154 3756 fines

130 3788 270 3846 Ubiorum
292 3786 417 3860 recepit;
447 3798 530 3861 atque
553 3787 587 3844 iis
612 3790 748 3845 auxilium
776 3809 859 3845 suum
885 3789 1038 3862 pollicitae,
1066 3788 1089 3846 si
1119 3791 1154 3846 ab

128 3880 231 3939 Suavis
245 3889 452 3956 premerentur,
467 3878 529 3936 hac
551 3879 586 3937 ab
607 3879 642 3939 iis
663 3879 812 3956 cognovit:
835 3880 954 3948 Suevos,
968 3889 1152 3956 posteaquam
