<?xml version="1.0" encoding="UTF-8"?>
<!DOCTYPE html PUBLIC "-//W3C//DTD XHTML 1.0 Transitional//EN"
    "http://www.w3.org/TR/xhtml1/DTD/xhtml1-transitional.dtd">
<html xmlns="http://www.w3.org/1999/xhtml" xml:lang="en" lang="en">
 <head>
  <title>
</title>
<meta http-equiv="Content-Type" content="text/html;charset=utf-8" />
  <meta name='ocr-system' content='tesseract 3.04.00' />
  <meta name='ocr-capabilities' content='ocr_page ocr_carea ocr_par ocr_line ocrx_word'/>
</head>
<body>
  <div class='ocr_page' id='page_1' title='image "./cjuliuscaesarsc00caesgoog_0139.png"; bbox 0 0 2566 4270; ppageno 0'>
   <div class='ocr_carea' id='block_1_1' title="bbox 139 207 1189 308">
    <p class='ocr_par' dir='ltr' id='par_1_1' title="bbox 139 207 1189 308">
     <span class='ocr_line' id='line_1_1' title="bbox 139 207 1189 308; baseline -0.001 -12"><span class='ocrx_word' id='word_1_1' title='bbox 139 248 205 296; x_wconf 64' lang='lat' dir='ltr'>cn.</span> <span class='ocrx_word' id='word_1_2' title='bbox 222 245 337 308; x_wconf 67' lang='lat' dir='ltr'>se-ssq</span> <span class='ocrx_word' id='word_1_3' title='bbox 499 207 825 299; x_wconf 54' lang='lat' dir='ltr'>ursnu&#39;snrrruuss</span> <span class='ocrx_word' id='word_1_4' title='bbox 916 229 919 234; x_wconf 83' lang='lat'>&#39;</span> <span class='ocrx_word' id='word_1_5' title='bbox 1111 229 1189 308; x_wconf 59' lang='grc' dir='ltr'>ω’</span> 
     </span>
    </p>
   </div>
   <div class='ocr_carea' id='block_1_2' title="bbox 135 387 1174 3899">
    <p class='ocr_par' dir='ltr' id='par_1_2' title="bbox 137 387 1167 827">
     <span class='ocr_line' id='line_1_2' title="bbox 138 387 1165 466; baseline 0.002 -20"><span class='ocrx_word' id='word_1_6' title='bbox 138 389 225 446; x_wconf 78' lang='lat' dir='ltr'>freter</span> <span class='ocrx_word' id='word_1_7' title='bbox 239 387 408 446; x_wconf 79' lang='lat' dir='ltr'><strong>Valetiacus</strong></span> <span class='ocrx_word' id='word_1_8' title='bbox 420 387 550 463; x_wconf 87' lang='lat' dir='ltr'>proximo</span> <span class='ocrx_word' id='word_1_9' title='bbox 563 407 646 446; x_wconf 76' lang='lat' dir='ltr'>anno</span> <span class='ocrx_word' id='word_1_10' title='bbox 666 390 789 446; x_wconf 89' lang='lat' dir='ltr'>eundern</span> <span class='ocrx_word' id='word_1_11' title='bbox 809 389 1006 465; x_wconf 76' lang='lat' dir='ltr'>magistratum</span> <span class='ocrx_word' id='word_1_12' title='bbox 1026 389 1165 466; x_wconf 74' lang='lat' dir='ltr'>gesserit:</span> 
     </span>
     <span class='ocr_line' id='line_1_3' title="bbox 138 479 1166 556; baseline -0.001 -19"><span class='ocrx_word' id='word_1_13' title='bbox 138 481 285 538; x_wconf 82' lang='lat' dir='ltr'>civitatem</span> <span class='ocrx_word' id='word_1_14' title='bbox 299 497 414 536; x_wconf 83' lang='lat' dir='ltr'>ornnem</span> <span class='ocrx_word' id='word_1_15' title='bbox 427 498 490 537; x_wconf 85' lang='lat' dir='ltr'>esse</span> <span class='ocrx_word' id='word_1_16' title='bbox 503 479 534 536; x_wconf 90' lang='lat' dir='ltr'>in</span> <span class='ocrx_word' id='word_1_17' title='bbox 549 481 643 550; x_wconf 86' lang='lat' dir='ltr'>armis,</span> <span class='ocrx_word' id='word_1_18' title='bbox 658 481 781 538; x_wconf 85' lang='lat' dir='ltr'>divisum</span> <span class='ocrx_word' id='word_1_19' title='bbox 794 482 942 548; x_wconf 82' lang='lat' dir='ltr'><strong>Senatum,</strong></span> <span class='ocrx_word' id='word_1_20' title='bbox 958 480 1078 538; x_wconf 85' lang='lat' dir='ltr'>divisum</span> <span class='ocrx_word' id='word_1_21' title='bbox 1097 500 1166 556; x_wconf 85' lang='lat' dir='ltr'>pop·</span> 
     </span>
     <span class='ocr_line' id='line_1_4' title="bbox 137 570 1164 644; baseline 0.003 -18"><span class='ocrx_word' id='word_1_22' title='bbox 137 571 230 640; x_wconf 77' lang='grc' dir='ltr'>ιιΙιιιιι,</span> <span class='ocrx_word' id='word_1_23' title='bbox 245 589 312 626; x_wconf 90' lang='lat' dir='ltr'>suas</span> <span class='ocrx_word' id='word_1_24' title='bbox 326 570 465 644; x_wconf 86' lang='lat' dir='ltr'>cujusque</span> <span class='ocrx_word' id='word_1_25' title='bbox 478 589 578 627; x_wconf 88' lang='lat' dir='ltr'>eorum</span> <span class='ocrx_word' id='word_1_26' title='bbox 592 571 749 628; x_wconf 79' lang='lat' dir='ltr'><strong>clientelas.</strong></span> <span class='ocrx_word' id='word_1_27' title='bbox 788 570 881 632; x_wconf 78' lang='lat' dir='ltr'>Quod</span> <span class='ocrx_word' id='word_1_28' title='bbox 901 571 926 628; x_wconf 91' lang='lat' dir='ltr'>si</span> <span class='ocrx_word' id='word_1_29' title='bbox 946 571 1053 628; x_wconf 90' lang='lat' dir='ltr'>diutius</span> <span class='ocrx_word' id='word_1_30' title='bbox 1074 572 1164 630; x_wconf 85' lang='lat' dir='ltr'>alatur</span> 
     </span>
     <span class='ocr_line' id='line_1_5' title="bbox 138 660 1167 738; baseline 0.002 -20"><span class='ocrx_word' id='word_1_31' title='bbox 138 660 343 730; x_wconf 87' lang='lat' dir='ltr'>controversia,</span> <span class='ocrx_word' id='word_1_32' title='bbox 358 661 428 731; x_wconf 86' lang='lat' dir='ltr'>fore,</span> <span class='ocrx_word' id='word_1_33' title='bbox 442 660 484 718; x_wconf 84' lang='lat' dir='ltr'>uti</span> <span class='ocrx_word' id='word_1_34' title='bbox 497 679 564 736; x_wconf 77' lang='lat' dir='ltr'>pars</span> <span class='ocrx_word' id='word_1_35' title='bbox 577 679 644 718; x_wconf 89' lang='lat' dir='ltr'>curn</span> <span class='ocrx_word' id='word_1_36' title='bbox 658 671 738 736; x_wconf 81' lang='lat' dir='ltr'>parte</span> <span class='ocrx_word' id='word_1_37' title='bbox 758 662 882 718; x_wconf 80' lang='lat' dir='ltr'>civitatis</span> <span class='ocrx_word' id='word_1_38' title='bbox 902 661 1055 738; x_wconf 82' lang='lat' dir='ltr'>confliget:</span> <span class='ocrx_word' id='word_1_39' title='bbox 1078 663 1107 719; x_wconf 94' lang='lat' dir='ltr'>id</span> <span class='ocrx_word' id='word_1_40' title='bbox 1127 681 1167 720; x_wconf 87' lang='lat' dir='ltr'>ne</span> 
     </span>
     <span class='ocr_line' id='line_1_6' title="bbox 138 749 984 827; baseline 0 -19"><span class='ocrx_word' id='word_1_41' title='bbox 138 752 263 821; x_wconf 89' lang='lat' dir='ltr'>accidat,</span> <span class='ocrx_word' id='word_1_42' title='bbox 277 749 401 825; x_wconf 80' lang='lat' dir='ltr'>positum</span> <span class='ocrx_word' id='word_1_43' title='bbox 414 751 444 807; x_wconf 92' lang='lat' dir='ltr'>iu</span> <span class='ocrx_word' id='word_1_44' title='bbox 459 752 520 826; x_wconf 88' lang='lat' dir='ltr'>ejus</span> <span class='ocrx_word' id='word_1_45' title='bbox 534 752 682 827; x_wconf 71' lang='lat' dir='ltr'>diligentiis</span> <span class='ocrx_word' id='word_1_46' title='bbox 698 762 783 825; x_wconf 89' lang='lat' dir='ltr'>atque</span> <span class='ocrx_word' id='word_1_47' title='bbox 797 754 984 810; x_wconf 66' lang='lat' dir='ltr'>auctoritate!</span> 
     </span>
    </p>

    <p class='ocr_par' dir='ltr' id='par_1_3' title="bbox 136 841 1174 2547">
     <span class='ocr_line' id='line_1_7' title="bbox 179 841 1165 916; baseline 0.002 -18"><span class='ocrx_word' id='word_1_48' title='bbox 179 841 326 898; x_wconf 89' lang='lat' dir='ltr'>XXXIII.</span> <span class='ocrx_word' id='word_1_49' title='bbox 356 841 454 898; x_wconf 81' lang='lat' dir='ltr'>Caesar</span> <span class='ocrx_word' id='word_1_50' title='bbox 477 842 531 898; x_wconf 88' lang='lat' dir='ltr'>etsi</span> <span class='ocrx_word' id='word_1_51' title='bbox 554 861 571 898; x_wconf 89' lang='lat' dir='ltr'>a</span> <span class='ocrx_word' id='word_1_52' title='bbox 594 842 670 898; x_wconf 91' lang='lat' dir='ltr'>bello</span> <span class='ocrx_word' id='word_1_53' title='bbox 694 850 779 916; x_wconf 89' lang='lat' dir='ltr'>atque</span> <span class='ocrx_word' id='word_1_54' title='bbox 802 843 883 900; x_wconf 88' lang='lat' dir='ltr'>hoste</span> <span class='ocrx_word' id='word_1_55' title='bbox 909 843 1057 902; x_wconf 89' lang='lat' dir='ltr'>discedere</span> <span class='ocrx_word' id='word_1_56' title='bbox 1080 844 1165 902; x_wconf 85' lang='lat' dir='ltr'>detri-</span> 
     </span>
     <span class='ocr_line' id='line_1_8' title="bbox 137 932 1165 1008; baseline 0 -18"><span class='ocrx_word' id='word_1_57' title='bbox 137 942 300 990; x_wconf 87' lang='lat' dir='ltr'>mentosum</span> <span class='ocrx_word' id='word_1_58' title='bbox 322 945 385 988; x_wconf 86' lang='lat' dir='ltr'>esse</span> <span class='ocrx_word' id='word_1_59' title='bbox 406 932 597 1002; x_wconf 80' lang='lat' dir='ltr'>existimabat,</span> <span class='ocrx_word' id='word_1_60' title='bbox 619 941 726 1002; x_wconf 89' lang='lat' dir='ltr'>tamen,</span> <span class='ocrx_word' id='word_1_61' title='bbox 748 951 806 988; x_wconf 89' lang='lat' dir='ltr'>non</span> <span class='ocrx_word' id='word_1_62' title='bbox 830 934 975 1008; x_wconf 87' lang='lat' dir='ltr'>ignorans,</span> <span class='ocrx_word' id='word_1_63' title='bbox 997 944 1103 1006; x_wconf 89' lang='lat' dir='ltr'>quanta</span> <span class='ocrx_word' id='word_1_64' title='bbox 1127 951 1165 990; x_wconf 89' lang='lat' dir='ltr'>ex</span> 
     </span>
     <span class='ocr_line' id='line_1_9' title="bbox 138 1022 1165 1093; baseline 0 -13"><span class='ocrx_word' id='word_1_65' title='bbox 138 1022 366 1080; x_wconf 90' lang='lat' dir='ltr'>dissensionibus</span> <span class='ocrx_word' id='word_1_66' title='bbox 388 1022 572 1080; x_wconf 84' lang='lat' dir='ltr'>incommoda</span> <span class='ocrx_word' id='word_1_67' title='bbox 592 1022 661 1080; x_wconf 90' lang='lat' dir='ltr'>oriri</span> <span class='ocrx_word' id='word_1_68' title='bbox 685 1022 882 1093; x_wconf 76' lang='lat' dir='ltr'>consuessent,</span> <span class='ocrx_word' id='word_1_69' title='bbox 896 1041 934 1080; x_wconf 89' lang='lat' dir='ltr'>ne</span> <span class='ocrx_word' id='word_1_70' title='bbox 956 1033 1035 1080; x_wconf 81' lang='lat' dir='ltr'>tanta</span> <span class='ocrx_word' id='word_1_71' title='bbox 1057 1033 1165 1080; x_wconf 89' lang='lat' dir='ltr'>ettam</span> 
     </span>
     <span class='ocr_line' id='line_1_10' title="bbox 138 1112 1163 1188; baseline 0 -18"><span class='ocrx_word' id='word_1_72' title='bbox 138 1113 295 1188; x_wconf 87' lang='lat' dir='ltr'>conjuncta</span> <span class='ocrx_word' id='word_1_73' title='bbox 312 1113 419 1188; x_wconf 89' lang='lat' dir='ltr'>populo</span> <span class='ocrx_word' id='word_1_74' title='bbox 439 1112 575 1170; x_wconf 75' lang='lat' dir='ltr'>Romano</span> <span class='ocrx_word' id='word_1_75' title='bbox 594 1113 705 1184; x_wconf 82' lang='lat' dir='ltr'>civitas,</span> <span class='ocrx_word' id='word_1_76' title='bbox 720 1131 806 1187; x_wconf 88' lang='lat' dir='ltr'>quam</span> <span class='ocrx_word' id='word_1_77' title='bbox 826 1113 887 1188; x_wconf 89' lang='lat' dir='ltr'>ipse</span> <span class='ocrx_word' id='word_1_78' title='bbox 906 1131 1018 1188; x_wconf 81' lang='lat' dir='ltr'>semper</span> <span class='ocrx_word' id='word_1_79' title='bbox 1039 1113 1163 1186; x_wconf 87' lang='lat' dir='ltr'>aluisset,</span> 
     </span>
     <span class='ocr_line' id='line_1_11' title="bbox 137 1203 1162 1278; baseline 0 -16"><span class='ocrx_word' id='word_1_80' title='bbox 137 1203 330 1277; x_wconf 84' lang='lat' dir='ltr'>omnibusque</span> <span class='ocrx_word' id='word_1_81' title='bbox 343 1204 430 1260; x_wconf 88' lang='lat' dir='ltr'>rebus</span> <span class='ocrx_word' id='word_1_82' title='bbox 443 1204 582 1274; x_wconf 69' lang='lat' dir='ltr'>eruisset,</span> <span class='ocrx_word' id='word_1_83' title='bbox 598 1203 633 1260; x_wconf 88' lang='lat' dir='ltr'>ad</span> <span class='ocrx_word' id='word_1_84' title='bbox 646 1203 704 1261; x_wconf 87' lang='lat' dir='ltr'>rim</span> <span class='ocrx_word' id='word_1_85' title='bbox 719 1215 803 1278; x_wconf 80' lang='lat' dir='ltr'>etque</span> <span class='ocrx_word' id='word_1_86' title='bbox 818 1204 853 1260; x_wconf 91' lang='lat' dir='ltr'>ad</span> <span class='ocrx_word' id='word_1_87' title='bbox 868 1223 946 1260; x_wconf 90' lang='lat' dir='ltr'>arma</span> <span class='ocrx_word' id='word_1_88' title='bbox 965 1205 1162 1275; x_wconf 82' lang='lat' dir='ltr'>descenderet,</span> 
     </span>
     <span class='ocr_line' id='line_1_12' title="bbox 138 1293 1163 1372; baseline 0.001 -21"><span class='ocrx_word' id='word_1_89' title='bbox 138 1305 226 1368; x_wconf 87' lang='lat' dir='ltr'>atque</span> <span class='ocrx_word' id='word_1_90' title='bbox 240 1313 275 1352; x_wconf 81' lang='lat' dir='ltr'>es</span> <span class='ocrx_word' id='word_1_91' title='bbox 286 1313 361 1370; x_wconf 81' lang='lat' dir='ltr'>pars,</span> <span class='ocrx_word' id='word_1_92' title='bbox 376 1313 439 1368; x_wconf 82' lang='lat' dir='ltr'>que</span> <span class='ocrx_word' id='word_1_93' title='bbox 459 1293 556 1352; x_wconf 86' lang='lat' dir='ltr'>minds</span> <span class='ocrx_word' id='word_1_94' title='bbox 578 1293 820 1366; x_wconf 47' lang='lat' dir='ltr'>sibi&#39;confideret</span> <span class='ocrx_word' id='word_1_95' title='bbox 836 1295 942 1352; x_wconf 84' lang='lat' dir='ltr'>auxilia</span> <span class='ocrx_word' id='word_1_96' title='bbox 965 1313 982 1352; x_wconf 88' lang='lat' dir='ltr'>a</span> <span class='ocrx_word' id='word_1_97' title='bbox 1007 1295 1163 1372; x_wconf 87' lang='lat' dir='ltr'>Vercinge-</span> 
     </span>
     <span class='ocr_line' id='line_1_13' title="bbox 137 1385 1163 1462; baseline -0.001 -19"><span class='ocrx_word' id='word_1_98' title='bbox 137 1386 232 1462; x_wconf 90' lang='lat' dir='ltr'>torige</span> <span class='ocrx_word' id='word_1_99' title='bbox 253 1395 417 1456; x_wconf 78' lang='lat' dir='ltr'>arcesseret,</span> <span class='ocrx_word' id='word_1_100' title='bbox 432 1385 500 1442; x_wconf 91' lang='lat' dir='ltr'>huic</span> <span class='ocrx_word' id='word_1_101' title='bbox 521 1385 563 1442; x_wconf 89' lang='lat' dir='ltr'>rei</span> <span class='ocrx_word' id='word_1_102' title='bbox 579 1387 808 1460; x_wconf 76' lang='lat' dir='ltr'>&#39;prevertendum</span> <span class='ocrx_word' id='word_1_103' title='bbox 828 1385 1015 1444; x_wconf 84' lang='lat' dir='ltr'>existimavit:</span> <span class='ocrx_word' id='word_1_104' title='bbox 1036 1397 1065 1444; x_wconf 89' lang='lat' dir='ltr'>et</span> <span class='ocrx_word' id='word_1_105' title='bbox 1084 1385 1163 1460; x_wconf 82' lang='lat' dir='ltr'>qudd</span> 
     </span>
     <span class='ocr_line' id='line_1_14' title="bbox 136 1475 1162 1553; baseline 0 -19"><span class='ocrx_word' id='word_1_106' title='bbox 136 1477 253 1552; x_wconf 89' lang='lat' dir='ltr'>legibus</span> <span class='ocrx_word' id='word_1_107' title='bbox 275 1475 437 1534; x_wconf 88' lang='lat' dir='ltr'>AEduorum</span> <span class='ocrx_word' id='word_1_108' title='bbox 460 1476 506 1548; x_wconf 85' lang='lat' dir='ltr'>iis,</span> <span class='ocrx_word' id='word_1_109' title='bbox 530 1476 579 1550; x_wconf 92' lang='lat' dir='ltr'>qui</span> <span class='ocrx_word' id='word_1_110' title='bbox 603 1495 745 1534; x_wconf 89' lang='lat' dir='ltr'>summum</span> <span class='ocrx_word' id='word_1_111' title='bbox 769 1477 965 1553; x_wconf 80' lang='lat' dir='ltr'>magistratum</span> <span class='ocrx_word' id='word_1_112' title='bbox 989 1478 1162 1548; x_wconf 84' lang='lat' dir='ltr'>obtinerent,</span> 
     </span>
     <span class='ocr_line' id='line_1_15' title="bbox 138 1567 1163 1642; baseline 0 -18"><span class='ocrx_word' id='word_1_113' title='bbox 138 1567 279 1624; x_wconf 73' lang='lat' dir='ltr'>excedere</span> <span class='ocrx_word' id='word_1_114' title='bbox 293 1586 327 1624; x_wconf 90' lang='lat' dir='ltr'>ex</span> <span class='ocrx_word' id='word_1_115' title='bbox 341 1567 446 1624; x_wconf 87' lang='lat' dir='ltr'>finibus</span> <span class='ocrx_word' id='word_1_116' title='bbox 459 1587 517 1624; x_wconf 88' lang='lat' dir='ltr'>non</span> <span class='ocrx_word' id='word_1_117' title='bbox 530 1567 638 1637; x_wconf 87' lang='lat' dir='ltr'>liceret,</span> <span class='ocrx_word' id='word_1_118' title='bbox 653 1585 691 1625; x_wconf 91' lang='lat' dir='ltr'>ne</span> <span class='ocrx_word' id='word_1_119' title='bbox 705 1568 824 1642; x_wconf 88' lang='lat' dir='ltr'>quidde</span> <span class='ocrx_word' id='word_1_120' title='bbox 840 1568 905 1642; x_wconf 86' lang='lat' dir='ltr'>jure</span> <span class='ocrx_word' id='word_1_121' title='bbox 926 1578 974 1624; x_wconf 87' lang='lat' dir='ltr'>aut</span> <span class='ocrx_word' id='word_1_122' title='bbox 994 1567 1030 1626; x_wconf 88' lang='lat' dir='ltr'>de</span> <span class='ocrx_word' id='word_1_123' title='bbox 1050 1568 1163 1642; x_wconf 86' lang='lat' dir='ltr'>legibus</span> 
     </span>
     <span class='ocr_line' id='line_1_16' title="bbox 139 1657 1168 1732; baseline -0.001 -18"><span class='ocrx_word' id='word_1_124' title='bbox 139 1675 241 1714; x_wconf 90' lang='lat' dir='ltr'>eorum</span> <span class='ocrx_word' id='word_1_125' title='bbox 261 1658 434 1714; x_wconf 85' lang='lat' dir='ltr'>deminuisse</span> <span class='ocrx_word' id='word_1_126' title='bbox 455 1657 608 1727; x_wconf 88' lang='lat' dir='ltr'>videretur,</span> <span class='ocrx_word' id='word_1_127' title='bbox 623 1658 684 1732; x_wconf 89' lang='lat' dir='ltr'>ipse</span> <span class='ocrx_word' id='word_1_128' title='bbox 705 1659 735 1714; x_wconf 90' lang='lat' dir='ltr'>in</span> <span class='ocrx_word' id='word_1_129' title='bbox 757 1658 868 1714; x_wconf 84' lang='lat' dir='ltr'>AEduos</span> <span class='ocrx_word' id='word_1_130' title='bbox 888 1657 1033 1732; x_wconf 84' lang='lat' dir='ltr'>proficisci</span> <span class='ocrx_word' id='word_1_131' title='bbox 1054 1659 1168 1728; x_wconf 78' lang='lat' dir='ltr'>statuit,</span> 
     </span>
     <span class='ocr_line' id='line_1_17' title="bbox 139 1747 1163 1822; baseline -0.003 -16"><span class='ocrx_word' id='word_1_132' title='bbox 139 1759 328 1822; x_wconf 78' lang='lat' dir='ltr'>senatumque</span> <span class='ocrx_word' id='word_1_133' title='bbox 351 1765 476 1818; x_wconf 88' lang='lat' dir='ltr'>omnem,</span> <span class='ocrx_word' id='word_1_134' title='bbox 505 1757 533 1804; x_wconf 91' lang='lat' dir='ltr'>et</span> <span class='ocrx_word' id='word_1_135' title='bbox 556 1766 627 1821; x_wconf 90' lang='lat' dir='ltr'>quos</span> <span class='ocrx_word' id='word_1_136' title='bbox 652 1748 725 1805; x_wconf 90' lang='lat' dir='ltr'>inter</span> <span class='ocrx_word' id='word_1_137' title='bbox 749 1749 942 1804; x_wconf 85' lang='lat' dir='ltr'>controversia</span> <span class='ocrx_word' id='word_1_138' title='bbox 964 1758 1048 1817; x_wconf 85' lang='lat' dir='ltr'>esset,</span> <span class='ocrx_word' id='word_1_139' title='bbox 1077 1747 1111 1803; x_wconf 83' lang='lat' dir='ltr'>ud</span> <span class='ocrx_word' id='word_1_140' title='bbox 1132 1765 1163 1804; x_wconf 88' lang='lat' dir='ltr'>se</span> 
     </span>
     <span class='ocr_line' id='line_1_18' title="bbox 138 1837 1174 1914; baseline -0.001 -18"><span class='ocrx_word' id='word_1_141' title='bbox 138 1839 290 1896; x_wconf 85' lang='lat' dir='ltr'>Decetiam</span> <span class='ocrx_word' id='word_1_142' title='bbox 304 1839 441 1896; x_wconf 84' lang='lat' dir='ltr'>evocavit.</span> <span class='ocrx_word' id='word_1_143' title='bbox 482 1837 584 1899; x_wconf 79' lang='lat' dir='ltr'>Quum</span> <span class='ocrx_word' id='word_1_144' title='bbox 597 1856 685 1914; x_wconf 88' lang='lat' dir='ltr'>prope</span> <span class='ocrx_word' id='word_1_145' title='bbox 696 1838 792 1895; x_wconf 90' lang='lat' dir='ltr'>omnis</span> <span class='ocrx_word' id='word_1_146' title='bbox 806 1838 905 1896; x_wconf 87' lang='lat' dir='ltr'>civitas</span> <span class='ocrx_word' id='word_1_147' title='bbox 919 1837 954 1894; x_wconf 84' lang='lat' dir='ltr'>ed</span> <span class='ocrx_word' id='word_1_148' title='bbox 973 1838 1174 1910; x_wconf 71' lang='lat' dir='ltr'>convenisset,</span> 
     </span>
     <span class='ocr_line' id='line_1_19' title="bbox 140 1928 1162 2004; baseline 0 -18"><span class='ocrx_word' id='word_1_149' title='bbox 140 1931 357 2004; x_wconf 79' lang='lat' dir='ltr'>docereturque,</span> <span class='ocrx_word' id='word_1_150' title='bbox 380 1929 482 2004; x_wconf 84' lang='lat' dir='ltr'>paucis</span> <span class='ocrx_word' id='word_1_151' title='bbox 509 1928 584 1986; x_wconf 71' lang='lat' dir='ltr'>clim</span> <span class='ocrx_word' id='word_1_152' title='bbox 612 1931 729 2000; x_wconf 87' lang='lat' dir='ltr'>vocatis,</span> <span class='ocrx_word' id='word_1_153' title='bbox 758 1929 814 1986; x_wconf 92' lang='lat' dir='ltr'>alio</span> <span class='ocrx_word' id='word_1_154' title='bbox 840 1930 915 1998; x_wconf 86' lang='lat' dir='ltr'>icoc,</span> <span class='ocrx_word' id='word_1_155' title='bbox 943 1929 999 1986; x_wconf 81' lang='lat' dir='ltr'>ulio</span> <span class='ocrx_word' id='word_1_156' title='bbox 1024 1940 1162 2004; x_wconf 87' lang='lat' dir='ltr'>tempore,</span> 
     </span>
     <span class='ocr_line' id='line_1_20' title="bbox 140 2020 1163 2097; baseline -0.001 -19"><span class='ocrx_word' id='word_1_157' title='bbox 140 2031 225 2094; x_wconf 89' lang='lat' dir='ltr'>atque</span> <span class='ocrx_word' id='word_1_158' title='bbox 238 2021 404 2096; x_wconf 87' lang='lat' dir='ltr'>oportuerit,</span> <span class='ocrx_word' id='word_1_159' title='bbox 418 2021 533 2078; x_wconf 85' lang='lat' dir='ltr'>fratrem</span> <span class='ocrx_word' id='word_1_160' title='bbox 549 2039 566 2078; x_wconf 89' lang='lat' dir='ltr'>a</span> <span class='ocrx_word' id='word_1_161' title='bbox 579 2021 665 2079; x_wconf 86' lang='lat' dir='ltr'>fratre</span> <span class='ocrx_word' id='word_1_162' title='bbox 678 2020 889 2090; x_wconf 76' lang='lat' dir='ltr'>renunciatum,</span> <span class='ocrx_word' id='word_1_163' title='bbox 904 2038 992 2094; x_wconf 90' lang='lat' dir='ltr'>quum</span> <span class='ocrx_word' id='word_1_164' title='bbox 1005 2021 1084 2097; x_wconf 85' lang='lat' dir='ltr'>leges</span> <span class='ocrx_word' id='word_1_165' title='bbox 1104 2020 1163 2077; x_wconf 91' lang='lat' dir='ltr'>duo</span> 
     </span>
     <span class='ocr_line' id='line_1_21' title="bbox 139 2109 1162 2188; baseline 0.002 -19"><span class='ocrx_word' id='word_1_166' title='bbox 139 2131 176 2169; x_wconf 88' lang='lat' dir='ltr'>ex</span> <span class='ocrx_word' id='word_1_167' title='bbox 198 2112 255 2174; x_wconf 76' lang='lat' dir='ltr'>und</span> <span class='ocrx_word' id='word_1_168' title='bbox 279 2113 397 2182; x_wconf 63' lang='lat' dir='ltr'>familie,</span> <span class='ocrx_word' id='word_1_169' title='bbox 424 2112 488 2168; x_wconf 84' lang='lat' dir='ltr'>rivo</span> <span class='ocrx_word' id='word_1_170' title='bbox 509 2121 639 2186; x_wconf 89' lang='lat' dir='ltr'>utroque,</span> <span class='ocrx_word' id='word_1_171' title='bbox 663 2131 722 2170; x_wconf 86' lang='lat' dir='ltr'>non</span> <span class='ocrx_word' id='word_1_172' title='bbox 746 2109 839 2170; x_wconf 84' lang='lat' dir='ltr'>soldm</span> <span class='ocrx_word' id='word_1_173' title='bbox 862 2112 1044 2188; x_wconf 77' lang='lat' dir='ltr'>magistratus</span> <span class='ocrx_word' id='word_1_174' title='bbox 1069 2111 1162 2170; x_wconf 84' lang='lat' dir='ltr'>creari</span> 
     </span>
     <span class='ocr_line' id='line_1_22' title="bbox 139 2202 1163 2278; baseline 0.002 -20"><span class='ocrx_word' id='word_1_175' title='bbox 139 2213 277 2272; x_wconf 81' lang='lat' dir='ltr'>vetarent,</span> <span class='ocrx_word' id='word_1_176' title='bbox 292 2203 441 2260; x_wconf 90' lang='lat' dir='ltr'>sedetiam</span> <span class='ocrx_word' id='word_1_177' title='bbox 463 2203 493 2260; x_wconf 88' lang='lat' dir='ltr'>in</span> <span class='ocrx_word' id='word_1_178' title='bbox 517 2214 617 2260; x_wconf 88' lang='lat' dir='ltr'>senatu</span> <span class='ocrx_word' id='word_1_179' title='bbox 640 2222 703 2261; x_wconf 89' lang='lat' dir='ltr'>esse</span> <span class='ocrx_word' id='word_1_180' title='bbox 722 2203 906 2278; x_wconf 85' lang='lat' dir='ltr'>prohiberent</span> <span class='ocrx_word' id='word_1_181' title='bbox 916 2222 924 2272; x_wconf 93' lang='lat'>;</span> <span class='ocrx_word' id='word_1_182' title='bbox 935 2202 1052 2260; x_wconf 81' lang='lat' dir='ltr'>&#39;Cotum</span> <span class='ocrx_word' id='word_1_183' title='bbox 1074 2203 1163 2277; x_wconf 85' lang='lat' dir='ltr'>irnpe-</span> 
     </span>
     <span class='ocr_line' id='line_1_23' title="bbox 137 2293 1162 2369; baseline 0 -19"><span class='ocrx_word' id='word_1_184' title='bbox 137 2294 214 2351; x_wconf 87' lang='lat' dir='ltr'>rium</span> <span class='ocrx_word' id='word_1_185' title='bbox 245 2295 387 2369; x_wconf 85' lang='lat' dir='ltr'>deponere</span> <span class='ocrx_word' id='word_1_186' title='bbox 415 2294 528 2369; x_wconf 71' lang='lat' dir='ltr'>coegit3</span> <span class='ocrx_word' id='word_1_187' title='bbox 559 2294 829 2363; x_wconf 80' lang='lat' dir='ltr'>Convictolitenem,</span> <span class='ocrx_word' id='word_1_188' title='bbox 851 2294 900 2366; x_wconf 93' lang='lat' dir='ltr'>qui</span> <span class='ocrx_word' id='word_1_189' title='bbox 927 2311 978 2368; x_wconf 91' lang='lat' dir='ltr'>per</span> <span class='ocrx_word' id='word_1_190' title='bbox 998 2293 1162 2352; x_wconf 86' lang='lat' dir='ltr'>sacerdotes</span> 
     </span>
     <span class='ocr_line' id='line_1_24' title="bbox 138 2383 1163 2457; baseline -0.003 -15"><span class='ocrx_word' id='word_1_191' title='bbox 138 2403 218 2446; x_wconf 88' lang='lat' dir='ltr'>rnore</span> <span class='ocrx_word' id='word_1_192' title='bbox 241 2385 373 2454; x_wconf 79' lang='lat' dir='ltr'>civitatis,</span> <span class='ocrx_word' id='word_1_193' title='bbox 388 2383 558 2441; x_wconf 84' lang='lat' dir='ltr'>intermissis</span> <span class='ocrx_word' id='word_1_194' title='bbox 580 2383 801 2457; x_wconf 83' lang='lat' dir='ltr'>magistratibus,</span> <span class='ocrx_word' id='word_1_195' title='bbox 826 2393 901 2439; x_wconf 87' lang='lat' dir='ltr'>esset</span> <span class='ocrx_word' id='word_1_196' title='bbox 924 2393 1047 2453; x_wconf 87' lang='lat' dir='ltr'>creatus,</span> <span class='ocrx_word' id='word_1_197' title='bbox 1070 2393 1163 2456; x_wconf 81' lang='lat' dir='ltr'>potes-</span> 
     </span>
     <span class='ocr_line' id='line_1_25' title="bbox 137 2473 473 2547; baseline -0.018 -13"><span class='ocrx_word' id='word_1_198' title='bbox 137 2487 226 2534; x_wconf 85' lang='lat' dir='ltr'>tatem</span> <span class='ocrx_word' id='word_1_199' title='bbox 240 2475 370 2530; x_wconf 87' lang='lat' dir='ltr'>obtiuere</span> <span class='ocrx_word' id='word_1_200' title='bbox 381 2473 473 2547; x_wconf 87' lang='lat' dir='ltr'>jussit.</span> 
     </span>
    </p>

    <p class='ocr_par' dir='ltr' id='par_1_4' title="bbox 135 2559 1170 3628">
     <span class='ocr_line' id='line_1_26' title="bbox 179 2559 1163 2632; baseline -0.001 -13"><span class='ocrx_word' id='word_1_201' title='bbox 179 2563 325 2620; x_wconf 90' lang='lat' dir='ltr'>XXXIV.</span> <span class='ocrx_word' id='word_1_202' title='bbox 354 2562 421 2617; x_wconf 87' lang='lat' dir='ltr'>Hoc</span> <span class='ocrx_word' id='word_1_203' title='bbox 448 2561 566 2616; x_wconf 86' lang='lat' dir='ltr'>decreto</span> <span class='ocrx_word' id='word_1_204' title='bbox 592 2559 767 2632; x_wconf 86' lang='lat' dir='ltr'>interposito,</span> <span class='ocrx_word' id='word_1_205' title='bbox 795 2561 959 2616; x_wconf 81' lang='lat' dir='ltr'>cohortatus</span> <span class='ocrx_word' id='word_1_206' title='bbox 976 2559 1104 2630; x_wconf 76' lang='lat' dir='ltr'>AEducs,</span> <span class='ocrx_word' id='word_1_207' title='bbox 1123 2568 1163 2618; x_wconf 62' lang='lat' dir='ltr'>,us</span> 
     </span>
     <span class='ocr_line' id='line_1_27' title="bbox 139 2649 1164 2724; baseline -0.003 -14"><span class='ocrx_word' id='word_1_208' title='bbox 139 2651 398 2712; x_wconf 86' lang='lat' dir='ltr'>controversiarum</span> <span class='ocrx_word' id='word_1_209' title='bbox 419 2669 454 2706; x_wconf 89' lang='lat' dir='ltr'>ac</span> <span class='ocrx_word' id='word_1_210' title='bbox 474 2649 683 2706; x_wconf 85' lang='lat' dir='ltr'>dissensionum</span> <span class='ocrx_word' id='word_1_211' title='bbox 703 2649 949 2720; x_wconf 84' lang='lat' dir='ltr'>obliviscerentur,</span> <span class='ocrx_word' id='word_1_212' title='bbox 965 2660 1059 2724; x_wconf 83' lang='lat' dir='ltr'>atque,</span> <span class='ocrx_word' id='word_1_213' title='bbox 1073 2651 1164 2707; x_wconf 88' lang='lat' dir='ltr'>omni-</span> 
     </span>
     <span class='ocr_line' id='line_1_28' title="bbox 140 2735 1170 2814; baseline -0.002 -12"><span class='ocrx_word' id='word_1_214' title='bbox 140 2747 196 2802; x_wconf 87' lang='lat' dir='ltr'>bus</span> <span class='ocrx_word' id='word_1_215' title='bbox 209 2741 321 2798; x_wconf 90' lang='lat' dir='ltr'>omissis</span> <span class='ocrx_word' id='word_1_216' title='bbox 332 2735 378 2798; x_wconf 85' lang='lat' dir='ltr'>iris</span> <span class='ocrx_word' id='word_1_217' title='bbox 390 2741 486 2811; x_wconf 87' lang='lat' dir='ltr'>rebus,</span> <span class='ocrx_word' id='word_1_218' title='bbox 501 2740 569 2797; x_wconf 91' lang='lat' dir='ltr'>huic</span> <span class='ocrx_word' id='word_1_219' title='bbox 590 2740 666 2796; x_wconf 90' lang='lat' dir='ltr'>bello</span> <span class='ocrx_word' id='word_1_220' title='bbox 685 2740 834 2809; x_wconf 87' lang='lat' dir='ltr'>servirent,</span> <span class='ocrx_word' id='word_1_221' title='bbox 848 2753 947 2813; x_wconf 78' lang='lat' dir='ltr'>enque,</span> <span class='ocrx_word' id='word_1_222' title='bbox 962 2759 1026 2814; x_wconf 80' lang='lat' dir='ltr'>quae</span> <span class='ocrx_word' id='word_1_223' title='bbox 1046 2741 1170 2800; x_wconf 70' lang='lat' dir='ltr'>metuis·</span> 
     </span>
     <span class='ocr_line' id='line_1_29' title="bbox 141 2831 1162 2908; baseline 0.002 -18"><span class='ocrx_word' id='word_1_224' title='bbox 141 2843 214 2903; x_wconf 88' lang='lat' dir='ltr'>sent,</span> <span class='ocrx_word' id='word_1_225' title='bbox 228 2831 343 2907; x_wconf 75' lang='lat' dir='ltr'>premia</span> <span class='ocrx_word' id='word_1_226' title='bbox 364 2833 399 2888; x_wconf 83' lang='lat' dir='ltr'>ab</span> <span class='ocrx_word' id='word_1_227' title='bbox 419 2850 459 2902; x_wconf 88' lang='lat' dir='ltr'>se,</span> <span class='ocrx_word' id='word_1_228' title='bbox 474 2832 587 2888; x_wconf 74' lang='lat' dir='ltr'>devicti</span> <span class='ocrx_word' id='word_1_229' title='bbox 607 2831 711 2902; x_wconf 72' lang='lat' dir='ltr'>Galliis,</span> <span class='ocrx_word' id='word_1_230' title='bbox 727 2841 933 2906; x_wconf 85' lang='lat' dir='ltr'>exspectarent,</span> <span class='ocrx_word' id='word_1_231' title='bbox 948 2832 1162 2908; x_wconf 83' lang='lat' dir='ltr'>equitatumque</span> 
     </span>
     <span class='ocr_line' id='line_1_30' title="bbox 140 2921 1161 2998; baseline -0.001 -16"><span class='ocrx_word' id='word_1_232' title='bbox 140 2941 254 2982; x_wconf 88' lang='lat' dir='ltr'>omnem</span> <span class='ocrx_word' id='word_1_233' title='bbox 276 2933 304 2980; x_wconf 92' lang='lat' dir='ltr'>et</span> <span class='ocrx_word' id='word_1_234' title='bbox 324 2923 452 2998; x_wconf 84' lang='lat' dir='ltr'>pediturn</span> <span class='ocrx_word' id='word_1_235' title='bbox 475 2922 564 2980; x_wconf 89' lang='lat' dir='ltr'>millia</span> <span class='ocrx_word' id='word_1_236' title='bbox 584 2921 612 2978; x_wconf 92' lang='lat' dir='ltr'>X</span> <span class='ocrx_word' id='word_1_237' title='bbox 638 2922 693 2980; x_wconf 92' lang='lat' dir='ltr'>sibi</span> <span class='ocrx_word' id='word_1_238' title='bbox 714 2922 845 2980; x_wconf 81' lang='lat' dir='ltr'>celeriter</span> <span class='ocrx_word' id='word_1_239' title='bbox 868 2923 1106 2998; x_wconf 63' lang='lat' dir='ltr'>mitterentque</span> <span class='ocrx_word' id='word_1_240' title='bbox 1131 2925 1161 2981; x_wconf 89' lang='lat' dir='ltr'>iu</span> 
     </span>
     <span class='ocr_line' id='line_1_31' title="bbox 138 3013 1161 3092; baseline 0.001 -20"><span class='ocrx_word' id='word_1_241' title='bbox 138 3015 277 3092; x_wconf 85' lang='lat' dir='ltr'>praesidiis</span> <span class='ocrx_word' id='word_1_242' title='bbox 298 3016 339 3072; x_wconf 90' lang='lat' dir='ltr'>rei</span> <span class='ocrx_word' id='word_1_243' title='bbox 361 3014 553 3072; x_wconf 80' lang='lat' dir='ltr'>frumentariae</span> <span class='ocrx_word' id='word_1_244' title='bbox 574 3013 662 3070; x_wconf 77' lang='lat' dir='ltr'>causti</span> <span class='ocrx_word' id='word_1_245' title='bbox 684 3013 1027 3088; x_wconf 86' lang='lat' dir='ltr'>disponeret,&#39;exercitum</span> <span class='ocrx_word' id='word_1_246' title='bbox 1047 3015 1076 3071; x_wconf 91' lang='lat' dir='ltr'>in</span> <span class='ocrx_word' id='word_1_247' title='bbox 1090 3015 1161 3074; x_wconf 81' lang='lat' dir='ltr'>duas</span> 
     </span>
     <span class='ocr_line' id='line_1_32' title="bbox 138 3103 1161 3184; baseline -0.002 -20"><span class='ocrx_word' id='word_1_248' title='bbox 138 3117 233 3184; x_wconf 83' lang='lat' dir='ltr'>partes</span> <span class='ocrx_word' id='word_1_249' title='bbox 254 3106 366 3176; x_wconf 82' lang='lat' dir='ltr'>divisit3</span> <span class='ocrx_word' id='word_1_250' title='bbox 397 3105 441 3161; x_wconf 94' lang='lat' dir='ltr'>IV</span> <span class='ocrx_word' id='word_1_251' title='bbox 466 3105 595 3180; x_wconf 86' lang='lat' dir='ltr'>legiones</span> <span class='ocrx_word' id='word_1_252' title='bbox 619 3105 649 3161; x_wconf 90' lang='lat' dir='ltr'>in</span> <span class='ocrx_word' id='word_1_253' title='bbox 672 3105 803 3160; x_wconf 84' lang='lat' dir='ltr'>Senones</span> <span class='ocrx_word' id='word_1_254' title='bbox 825 3103 1016 3178; x_wconf 79' lang='lat' dir='ltr'>Parisiosque</span> <span class='ocrx_word' id='word_1_255' title='bbox 1032 3104 1161 3162; x_wconf 87' lang='lat' dir='ltr'>Labieno</span> 
     </span>
     <span class='ocr_line' id='line_1_33' title="bbox 137 3195 1160 3271; baseline -0.003 -16"><span class='ocrx_word' id='word_1_256' title='bbox 137 3198 283 3255; x_wconf 88' lang='lat' dir='ltr'>ducendas</span> <span class='ocrx_word' id='word_1_257' title='bbox 298 3198 392 3266; x_wconf 90' lang='lat' dir='ltr'>dedit;</span> <span class='ocrx_word' id='word_1_258' title='bbox 413 3197 457 3252; x_wconf 91' lang='lat' dir='ltr'>VI</span> <span class='ocrx_word' id='word_1_259' title='bbox 471 3195 532 3270; x_wconf 90' lang='lat' dir='ltr'>ipse</span> <span class='ocrx_word' id='word_1_260' title='bbox 556 3196 585 3251; x_wconf 94' lang='lat' dir='ltr'>in</span> <span class='ocrx_word' id='word_1_261' title='bbox 607 3195 754 3252; x_wconf 88' lang='lat' dir='ltr'>Arvernos</span> <span class='ocrx_word' id='word_1_262' title='bbox 777 3195 812 3252; x_wconf 89' lang='lat' dir='ltr'>ad</span> <span class='ocrx_word' id='word_1_263' title='bbox 833 3195 967 3270; x_wconf 86' lang='lat' dir='ltr'>oppidum</span> <span class='ocrx_word' id='word_1_264' title='bbox 987 3196 1160 3271; x_wconf 88' lang='lat' dir='ltr'>Gergoviam</span> 
     </span>
     <span class='ocr_line' id='line_1_34' title="bbox 136 3285 1159 3360; baseline -0.002 -14"><span class='ocrx_word' id='word_1_265' title='bbox 136 3286 297 3348; x_wconf 81' lang='lat' dir='ltr'>secuuddm</span> <span class='ocrx_word' id='word_1_266' title='bbox 311 3287 418 3343; x_wconf 86' lang='lat' dir='ltr'>flumen</span> <span class='ocrx_word' id='word_1_267' title='bbox 432 3286 534 3342; x_wconf 86' lang='lat' dir='ltr'>Elaver</span> <span class='ocrx_word' id='word_1_268' title='bbox 548 3285 647 3354; x_wconf 87' lang='lat' dir='ltr'>duxit;</span> <span class='ocrx_word' id='word_1_269' title='bbox 668 3285 810 3358; x_wconf 74' lang='lat' dir='ltr'>equitatius</span> <span class='ocrx_word' id='word_1_270' title='bbox 829 3297 938 3360; x_wconf 85' lang='lat' dir='ltr'>partem</span> <span class='ocrx_word' id='word_1_271' title='bbox 959 3285 1001 3343; x_wconf 88' lang='lat' dir='ltr'>iili</span> <span class='ocrx_word' id='word_1_272' title='bbox 1022 3287 1159 3358; x_wconf 91' lang='lat' dir='ltr'>attribuit,</span> 
     </span>
     <span class='ocr_line' id='line_1_35' title="bbox 135 3375 1160 3455; baseline -0.001 -20"><span class='ocrx_word' id='word_1_273' title='bbox 135 3390 246 3455; x_wconf 86' lang='lat' dir='ltr'>partem</span> <span class='ocrx_word' id='word_1_274' title='bbox 261 3377 315 3432; x_wconf 90' lang='lat' dir='ltr'>sibi</span> <span class='ocrx_word' id='word_1_275' title='bbox 333 3377 457 3448; x_wconf 90' lang='lat' dir='ltr'>reliquit.</span> <span class='ocrx_word' id='word_1_276' title='bbox 497 3375 568 3436; x_wconf 74' lang='lat' dir='ltr'>Qut</span> <span class='ocrx_word' id='word_1_277' title='bbox 589 3393 621 3432; x_wconf 89' lang='lat' dir='ltr'>re</span> <span class='ocrx_word' id='word_1_278' title='bbox 641 3375 768 3451; x_wconf 75' lang='lat' dir='ltr'>cogniti,</span> <span class='ocrx_word' id='word_1_279' title='bbox 783 3376 1012 3452; x_wconf 83' lang='lat' dir='ltr'>Vercingetorix,</span> <span class='ocrx_word' id='word_1_280' title='bbox 1027 3377 1160 3434; x_wconf 86' lang='lat' dir='ltr'>omnibus</span> 
     </span>
     <span class='ocr_line' id='line_1_36' title="bbox 138 3465 1159 3541; baseline -0.007 -13"><span class='ocrx_word' id='word_1_281' title='bbox 138 3467 304 3540; x_wconf 86' lang='lat' dir='ltr'>interruptis</span> <span class='ocrx_word' id='word_1_282' title='bbox 317 3466 378 3540; x_wconf 83' lang='lat' dir='ltr'>ejus</span> <span class='ocrx_word' id='word_1_283' title='bbox 390 3465 516 3522; x_wconf 88' lang='lat' dir='ltr'>fluminis</span> <span class='ocrx_word' id='word_1_284' title='bbox 536 3466 679 3540; x_wconf 89' lang='lat' dir='ltr'>pontibus,</span> <span class='ocrx_word' id='word_1_285' title='bbox 695 3467 730 3522; x_wconf 82' lang='lat' dir='ltr'>ab</span> <span class='ocrx_word' id='word_1_286' title='bbox 751 3466 839 3524; x_wconf 74' lang='lat' dir='ltr'>elteri</span> <span class='ocrx_word' id='word_1_287' title='bbox 859 3467 987 3525; x_wconf 82' lang='lat' dir='ltr'>Elaveris</span> <span class='ocrx_word' id='word_1_288' title='bbox 1006 3477 1086 3541; x_wconf 81' lang='lat' dir='ltr'>parte</span> <span class='ocrx_word' id='word_1_289' title='bbox 1107 3467 1159 3522; x_wconf 90' lang='lat' dir='ltr'>iter</span> 
     </span>
     <span class='ocr_line' id='line_1_37' title="bbox 136 3556 343 3628; baseline -0.024 -12"><span class='ocrx_word' id='word_1_290' title='bbox 136 3560 234 3617; x_wconf 87' lang='lat' dir='ltr'>facere</span> <span class='ocrx_word' id='word_1_291' title='bbox 249 3556 343 3628; x_wconf 80' lang='lat' dir='ltr'>coepit.</span> 
     </span>
    </p>

    <p class='ocr_par' dir='ltr' id='par_1_5' title="bbox 137 3645 1159 3899">
     <span class='ocr_line' id='line_1_38' title="bbox 177 3645 1158 3719; baseline -0.007 -14"><span class='ocrx_word' id='word_1_292' title='bbox 177 3647 308 3705; x_wconf 90' lang='lat' dir='ltr'>XXXV.</span> <span class='ocrx_word' id='word_1_293' title='bbox 320 3667 321 3672; x_wconf 49' lang='lat'>¹</span> <span class='ocrx_word' id='word_1_294' title='bbox 335 3645 436 3705; x_wconf 78' lang='lat' dir='ltr'>Quum</span> <span class='ocrx_word' id='word_1_295' title='bbox 451 3655 569 3717; x_wconf 89' lang='lat' dir='ltr'>uterque</span> <span class='ocrx_word' id='word_1_296' title='bbox 581 3645 693 3719; x_wconf 89' lang='lat' dir='ltr'>utrique</span> <span class='ocrx_word' id='word_1_297' title='bbox 706 3656 781 3703; x_wconf 87' lang='lat' dir='ltr'>esset</span> <span class='ocrx_word' id='word_1_298' title='bbox 791 3647 933 3704; x_wconf 87' lang='lat' dir='ltr'>exercitus</span> <span class='ocrx_word' id='word_1_299' title='bbox 947 3647 977 3702; x_wconf 87' lang='lat' dir='ltr'>in</span> <span class='ocrx_word' id='word_1_300' title='bbox 991 3653 1158 3716; x_wconf 87' lang='lat' dir='ltr'>conspectu,</span> 
     </span>
     <span class='ocr_line' id='line_1_39' title="bbox 137 3733 1159 3814; baseline -0.006 -17"><span class='ocrx_word' id='word_1_301' title='bbox 137 3739 255 3814; x_wconf 74' lang='lat' dir='ltr'>ferrique</span> <span class='ocrx_word' id='word_1_302' title='bbox 270 3755 286 3794; x_wconf 88' lang='lat' dir='ltr'>e</span> <span class='ocrx_word' id='word_1_303' title='bbox 302 3735 421 3812; x_wconf 89' lang='lat' dir='ltr'>regione</span> <span class='ocrx_word' id='word_1_304' title='bbox 441 3735 542 3792; x_wconf 85' lang='lat' dir='ltr'>castris</span> <span class='ocrx_word' id='word_1_305' title='bbox 561 3746 654 3793; x_wconf 84' lang='lat' dir='ltr'>castra</span> <span class='ocrx_word' id='word_1_306' title='bbox 673 3747 801 3810; x_wconf 82' lang='lat' dir='ltr'>poneret,</span> <span class='ocrx_word' id='word_1_307' title='bbox 815 3736 959 3810; x_wconf 88' lang='lat' dir='ltr'>dispositis</span> <span class='ocrx_word' id='word_1_308' title='bbox 979 3733 1159 3806; x_wconf 83' lang='lat' dir='ltr'>exploratori-</span> 
     </span>
     <span class='ocr_line' id='line_1_40' title="bbox 137 3822 1158 3899; baseline -0.003 -12"><span class='ocrx_word' id='word_1_309' title='bbox 137 3832 200 3894; x_wconf 83' lang='lat' dir='ltr'>bus,</span> <span class='ocrx_word' id='word_1_310' title='bbox 214 3826 322 3886; x_wconf 82' lang='lat' dir='ltr'>necubi</span> <span class='ocrx_word' id='word_1_311' title='bbox 337 3825 440 3883; x_wconf 76' lang='lat' dir='ltr'>effecto</span> <span class='ocrx_word' id='word_1_312' title='bbox 452 3835 539 3899; x_wconf 89' lang='lat' dir='ltr'>ponte</span> <span class='ocrx_word' id='word_1_313' title='bbox 552 3825 678 3884; x_wconf 81' lang='lat' dir='ltr'>Romani</span> <span class='ocrx_word' id='word_1_314' title='bbox 697 3825 795 3899; x_wconf 87' lang='lat' dir='ltr'>copias</span> <span class='ocrx_word' id='word_1_315' title='bbox 814 3823 1041 3893; x_wconf 84' lang='lat' dir='ltr'>transducerent,</span> <span class='ocrx_word' id='word_1_316' title='bbox 1055 3831 1116 3882; x_wconf 88' lang='lat' dir='ltr'>erat</span> <span class='ocrx_word' id='word_1_317' title='bbox 1129 3822 1158 3884; x_wconf 89' lang='lat' dir='ltr'>iu</span> 
     </span>
    </p>
   </div>
   <div class='ocr_carea' id='block_1_3' title="bbox 0 0 1288 4270">
    <p class='ocr_par' dir='ltr' id='par_1_6' title="bbox 0 0 1288 4270">
     <span class='ocr_line' id='line_1_41' title="bbox 0 0 1288 4270; baseline 0 0"><span class='ocrx_word' id='word_1_318' title='bbox 0 0 1288 4270; x_wconf 95' lang='lat' dir='ltr'> </span> 
     </span>
    </p>
   </div>
  </div>
 </body>
</html>
