2566 4270
136 303 194 370 [ω
462 297 510 348 DE
533 297 650 350 BELLO
673 297 833 357 GALUCO
967 299 1047 366 [Ger.
1063 299 1162 352 at-at

135 443 262 505 dimidio
282 441 372 518 partis
392 441 572 516 Eburonum,
586 442 636 518 qui
658 440 716 500 und
738 461 805 500 cum
822 438 995 520 Ambiorige
1012 439 1170 526 consilium

135 537 248 606 inierat,
263 545 346 600 etate
357 535 416 610 jam
431 533 591 606 consectus,
606 553 695 610 quum
711 534 839 590 laborem
861 543 910 590 aut
931 533 999 590 belli
1018 545 1071 612 'aut
1092 534 1170 610 fuge

135 625 209 686 serre
223 645 280 684 nun
294 636 399 700 posset,
413 626 547 684 omuibus
560 625 695 700 precibus
713 625 870 682 detestatus
891 624 1103 700 Ambiorigem,
1118 625 1169 699 qui

135 719 196 794 ejus
214 716 328 774 consilii
351 727 450 772 auctor
472 717 581 788 suisset,
596 726 672 786 taxo,
687 716 770 792 cujus
793 733 900 792 magna
923 715 954 774 in
977 714 1073 772 Gallia
1096 715 1157 772 Ger

135 809 289 883 uraniique
301 807 385 882 copiu
399 818 451 878 est,
467 826 498 864 se
511 807 692 867 exanimavit.

175 899 308 958 XXXII.
337 900 427 974 Segni
439 898 655 972 Condrusique,
667 916 705 955 ex
718 907 804 974 geute
818 906 848 954 et
867 913 989 954 numero
1008 896 1169 956 Germano-

135 1009 210 1061 rum,
225 989 274 1066 qui
289 1001 355 1055 sunt
370 991 443 1048 inter
459 991 610 1046 Eburones
623 989 827 1062 Trevirosque,
842 989 952 1066 legatos
971 989 1007 1046 ad
1021 989 1168 1048 Cesaram

136 1082 275 1140 miserunt
288 1094 411 1152 oratum,
427 1089 481 1138 ‘ne
495 1100 526 1138 se
547 1081 577 1138 iu
598 1080 722 1140 hostium
743 1099 865 1138 numero
878 1080 1007 1152 duceret,
1021 1098 1095 1138 neve
1108 1100 1169 1138 om·

136 1174 216 1230 nium
227 1173 447 1243 Germanorum,
458 1173 507 1246 qui
518 1182 614 1230 essent
628 1171 700 1240 citra
711 1167 860 1242 Rhenum,
872 1189 959 1248 unam
973 1189 1036 1231 esse
1049 1189 1169 1228 causam

133 1263 293 1338 judicaret:
315 1263 386 1322 nihil
402 1281 432 1320 se
448 1264 484 1320 de
508 1263 584 1320 bello
606 1263 760 1340 cogitisse,
775 1261 854 1320 nulla
874 1261 1039 1340 Ambiorigi
1061 1262 1167 1318 auxilia

137 1353 266 1412 misisse.¹
309 1353 416 1424 Caesar,
431 1354 576 1429 explorati
591 1372 622 1419 re
641 1354 799 1428 questione
818 1353 1006 1430 captivorum,
1021 1351 1110 1428 siqui
1132 1353 1167 1417 ad

137 1463 187 1502 eos
211 1445 362 1502 Eburones
386 1463 421 1501 ex
445 1445 513 1520 fugai
538 1445 749 1516 convenissent,
775 1445 811 1500 ad
835 1463 867 1502 se
890 1454 924 1500 ut
949 1443 1168 1518 reducerentur,

137 1536 305 1612 imperavit:
327 1536 350 1593 si
362 1536 406 1598 ita
426 1536 570 1606 fecissent,
586 1536 657 1593 fines
677 1555 777 1594 eorum
797 1555 828 1592 se
849 1535 1021 1614 violaturum
1042 1535 1160 1612 negavit

137 1627 217 1684 Tum
243 1627 335 1704 copiis
359 1627 388 1684 in
411 1637 468 1684 tres
495 1639 590 1702 partes
613 1628 783 1698 distributis,
808 1625 1165 1704 impedimentaomniun

137 1719 492 1797 legionumAduatuoam
519 1719 648 1776 contulit.
690 1718 725 1776 Id
746 1719 857 1778 castelli
881 1737 986 1776 nomen
1007 1727 1058 1774 est.
1102 1716 1169 1774 Hoo

138 1810 197 1870 lere
213 1822 256 1869 est
270 1812 299 1868 in
313 1811 417 1868 mediis
430 1809 600 1869 Eburonum
614 1810 729 1878 finibus,
743 1810 792 1867 ubi
803 1809 937 1867 Titurius
952 1820 1037 1886 atque
1052 1809 1169 1888 Aurun-

138 1903 249 1962 culeius
277 1903 422 1960 hiemandi
450 1902 538 1960 causi
565 1901 763 1959 consederant.
817 1901 907 1958 Hunc
934 1919 1023 1974 quum
1051 1900 1170 1974 reliquis

138 1993 224 2050 rebus
248 1993 345 2050 locum
366 1994 515 2068 probabat,
539 2003 601 2050 tum
623 1991 701 2067 quod
725 1992 881 2068 superioris
903 1991 970 2072 anpi
994 1990 1171 2047 munitiones

138 2083 257 2160 integrm
269 2085 432 2155 manebant,
443 2096 474 2142 ut
487 2085 608 2142 militum
617 2085 745 2142 laborem
756 2083 925 2140 sublevaret.
967 2081 1106 2139 Presidio
1119 2080 1171 2138 im·

138 2174 310 2250 pedimentis
324 2175 466 2250 legionem
478 2175 552 2232 XIV
567 2175 691 2250 reliquit,
708 2195 836 2234 unamex
846 2175 1076 2252 listribus,.quas
1086 2193 1170 2252 prox-

139 2266 197 2326 ime
212 2267 389 2340 conscriptae
409 2285 445 2322 ex
464 2266 548 2324 Italia
569 2267 776 2324 transduxerat.
818 2267 855 2324 Ei
879 2263 986 2344 legioni
1011 2268 1170 2342 castrisque

138 2357 178 2420 Q.
194 2356 325 2414 Tullium
340 2356 512 2415 Ciceronem
526 2357 656 2432 praeficit,
672 2358 870 2432 ducentosque
884 2357 995 2432 eqdltes
1010 2359 1149 2416 attribuit.

179 2447 327 2506 XXXIII.
355 2447 465 2506 Partito
492 2449 630 2519 exercitu,
659 2448 696 2505 T.
721 2448 884 2506 Labienum
910 2468 978 2506 cum
1004 2449 1170 2526 legionibus
1234 2500 1239 2514 ,

138 2541 230 2598 tribus
245 2540 279 2596 ad
299 2539 449 2598 Oceanum
471 2537 570 2596 versirs
592 2539 622 2596 in
644 2559 693 2596 eas
710 2550 814 2614 partae,
829 2559 892 2614 quae
913 2537 1065 2616 Menapios
1087 2540 1172 2596 attin·
1260 2529 1271 2552 ³

138 2646 220 2709 gunt,
241 2632 385 2709 proficisci
404 2631 503 2707 jubet:
526 2631 559 2688 C.
575 2631 755 2688 Trebonium
781 2649 847 2698 cum
867 2631 930 2706 pari
950 2629 1096 2707 legionum
1117 2650 1172 2688 nu·

140 2743 218 2782 mero
233 2725 266 2780 ad
282 2743 350 2782 eam·
360 2724 517 2800 regionem,
532 2741 595 2798 quae
616 2723 780 2780 Aduatucis
802 2722 922 2798 adjacet,
937 2721 1172 2797 depopulandam

139 2815 242 2872 mittit:
265 2815 325 2889 ipse
339 2834 404 2872 cum
419 2813 536 2890 reliquis
550 2814 641 2870 tribus
657 2813 691 2870 ad
706 2813 814 2871 flumen
829 2813 974 2884 Scaldem,
986 2813 1062 2888 quod
1075 2811 1171 2869 influit

140 2904 169 2962 iu
191 2903 314 2974 Mosam,
339 2916 535 2980 extremasque
560 2904 725 2962 Arduennae
747 2915 842 2980 partes
867 2904 916 2980 ire·
930 2903 1089 2980 constituit,
1111 2901 1171 2978 qud

139 3015 206 3052 oum
229 2995 328 3070 paucis
350 2995 495 3069 equitibus
514 2995 675 3072 proiectum
697 2995 897 3071 Ambiorigem
920 2995 1062 3052 audiebat.
1104 2993 1173 3052 Dis-

139 3087 256 3156 cedens,
270 3086 424 3161 postdiem
438 3089 590 3163 septimum
605 3106 668 3144 sese
689 3105 868 3144 reuersurum
894 3085 1061 3144 coufirmat:
1083 3103 1173 3160 quam

140 3179 176 3236 ad
190 3177 267 3234 diem
286 3174 312 3235 ei
334 3177 451 3254 legioni,
466 3199 529 3254 quae
551 3179 580 3236 in
600 3179 734 3254 praesidio
755 3177 980 3252 relinquebatur,
994 3176 1173 3234 frumentum

140 3269 238 3327 deberi
259 3269 375 3328 sciebat.
418 3269 579 3328 Labienum
597 3269 835 3346 Treboniumque
857 3269 997 3338 hortatur,
1013 3268 1038 3324 si
1057 3268 1175 3344 reipub-

139 3362 208 3420 licae»
229 3361 381 3418 commodo
405 3361 500 3418 lacere
524 3362 642 3436 possint,
667 3362 701 3419 ad
726 3381 788 3420 eam
812 3361 889 3418 diem
909 3370 1105 3430 revertantur;
1128 3369 1173 3430 ut,

140 3472 238 3511 rursus
253 3452 465 3510 communicato
479 3453 610 3524 consilio,
624 3453 834 3529 exploratisque
854 3449 981 3509 hostium
1000 3449 1173 3522 rationibus,

142 3545 219 3604 aliud
234 3545 300 3602 belli
316 3545 430 3602 initium
445 3563 548 3618 capere
561 3556 685 3619 possent.

134 3675 136 3680 ·
180 3636 325 3696 XXXIV.
355 3636 434 3706 Erat,
450 3647 481 3691 ut
494 3633 584 3710 suprb-
594 3635 860 3708 demonstravimus,
872 3653 975 3692 manus
988 3643 1068 3690 certa
1081 3633 1173 3704 nulla,

140 3750 199 3788 non
213 3729 359 3806 oppidum,
374 3747 431 3785 non
446 3726 620 3802 praesidium,
635 3727 710 3801 quod
726 3746 756 3784 se
772 3727 857 3784 armis
872 3725 1054 3794 defenderet;
1076 3723 1175 3780 sedin

138 3841 240 3878 omnes
253 3833 348 3896 partes
362 3821 491 3895 dispersa
504 3818 665 3874 multitudo.
706 3817 764 3874 Ubi
779 3817 885 3891 cuique
900 3826 949 3873 aut
962 3815 1044 3873 vallis
1065 3813 1175 3884 abdita,

142 3920 191 3966 aut
205 3911 286 3968 locus
300 3911 446 3979 silvestris,
462 3919 509 3964 aut
523 3907 606 3981 palus
620 3907 756 3980 impedita
770 3925 849 3981 spem
868 3905 996 3990 praesidii
1010 3904 1177 3980 autsalutis
