2566 4270
144 272 213 322 cn.
230 275 269 336 19,
280 275 332 337 aa]
504 273 613 340 maun
634 275 819 330 seruatus.
1107 280 1171 362 12}

185 414 272 474 xlx.
301 413 392 474 Collis
410 425 470 472 erat
489 415 593 474 leniter
613 417 649 472 ab
669 416 768 474 infimo
789 417 921 474 acclivis:
942 417 1021 474 hunc
1035 435 1070 474 ex
1083 420 1174 478 omni·

146 507 202 563 bus
224 505 284 564 sere
305 507 433 584 partibus
453 508 535 582 palus
556 507 681 564 difficilis
702 521 786 581 atque
807 508 942 582 impedita
956 493 1099 584 cingebat,
1114 527 1172 566 non

145 597 231 654 latior
256 597 377 672 pedibus
398 596 431 674 L.
473 597 541 654 Hoc
567 617 598 654 se
622 599 704 668 colle,
734 599 898 672 interruptis
925 600 1068 672 pontibus,
1094 599 1173 656 Gall.

145 687 255 746 fiducia
276 687 334 744 loci
353 688 548 759 continebant,
570 689 786 765 generatimque
810 689 954 746 distributi
975 690 1005 746 in
1032 689 1172 759 civitates,

146 779 246 835 omnia
259 778 331 834 vada
352 797 388 834 ac
406 779 494 835 saltus
514 779 574 854 ejus
593 780 706 854 paludis
728 779 814 836 certis
835 780 972 836 custodiis
995 779 1171 849 obtinebant,

145 870 191 927 sic
205 869 300 926 animo
313 869 415 942 parati,
430 879 471 939 ut,
486 870 588 936 si,eam
601 870 734 944 paludem
749 869 876 926 Romani
890 888 1074 944 perrumpere
1088 887 1173 926 cona·

146 970 255 1029 rentur,
270 959 434 1016 haesitantes
447 970 608 1034 premerent
622 979 657 1016 ex
670 960 736 1015 loco
754 961 915 1034 superiore:
936 970 978 1029 ut,
992 960 1041 1032 qui
1061 960 1173 1034 propin·

145 1049 285 1123 quitatem
299 1036 613 1124 loci,videret,'paratos
625 1069 713 1124 prope
728 1068 809 1123 aequo
820 1049 915 1106 Marte
930 1049 965 1104 ad
978 1049 1173 1106 dimicandum

146 1140 340 1210 existimaret3
362 1140 412 1214 qui
426 1140 606 1214 iniquitatem
620 1140 794 1198 conditionis
811 1140 995 1214 perspiceret,
1011 1139 1089 1196 inani
1109 1139 1175 1196 sim-

146 1230 274 1286 ulatione
287 1249 350 1287 sese
364 1241 506 1288 ostentare
520 1242 716 1306 cognosceret.
751 1230 939 1306 Indignantes
949 1230 1053 1286 milites
1066 1229 1173 1298 Coesar,

147 1319 226 1394 quod
241 1331 427 1394 conspectum
449 1340 532 1378 suum
553 1321 649 1378 hostes
669 1322 742 1378 ferre
762 1331 886 1396 possent,
901 1321 1011 1378 tantulo
1029 1321 1120 1395 spatio
1134 1319 1175 1376 in·

146 1409 277 1485 terjecto,
292 1421 320 1468 et
343 1412 456 1487 signum
479 1412 573 1486 proelii
594 1423 790 1487 exposcentes,
811 1411 923 1482 edocet,
945 1418 1070 1485 ‘quanto
1090 1409 1175 1466 detri-

148 1513 255 1572 mento,
281 1512 310 1559 et
334 1512 403 1576 quot
423 1502 548 1559 virorum
575 1503 690 1559 sortium
717 1514 808 1559 morte
835 1520 954 1560 necesse
980 1502 1016 1558 sit
1043 1505 1175 1558 constare

148 1592 314 1649 victoriam:
336 1612 407 1666 quos
421 1612 509 1665 quum
523 1593 567 1650 sic
581 1595 676 1650 animo
688 1604 802 1668 paratos
822 1593 926 1662 videat,
941 1603 973 1648 ut
992 1592 1103 1648 nullum
1123 1609 1175 1665 pro

150 1682 204 1738 sual
217 1682 301 1739 laude
314 1683 474 1757 periculum
485 1694 629 1752 recusent,
640 1702 757 1738 summae
771 1702 802 1739 se
817 1683 975 1755 iniquitatis
989 1679 1175 1738 condemnari

150 1773 266 1844 debere,
288 1773 343 1830 nisi
367 1791 467 1830 eorum
490 1773 578 1829 vitam
601 1773 653 1828 suti
677 1773 768 1828 salute
796 1773 899 1828 habeat
926 1771 1082 1828 cariorem!
1125 1769 1176 1826 Sic

150 1863 256 1920 milites
277 1864 449 1934 consolatus,
471 1863 572 1920 eodem
593 1863 641 1918 die
661 1862 773 1919 reducit
795 1862 824 1918 in
849 1873 957 1930 castra;
980 1861 1098 1934 reliqua',
1113 1877 1175 1934 quae

148 1953 184 2010 ad
198 1955 437 2030 oppugnationem
452 1954 549 2028 oppidi
562 1953 752 2028 pertinebant,
768 1952 966 2008 administrare
981 1951 1110 2008 instituit.

188 2045 257 2102 XX.
289 2045 506 2120 Vercingetorix
529 2063 620 2118 quum
646 2043 681 2100 ad
705 2063 771 2100 suos
792 2043 922 2112 redisset,
942 2042 1111 2117 proditionis
1135 2041 1176 2098 iu·

148 2136 308 2206 simulatus,
325 2135 422 2209 ‘quod
436 2149 530 2192 castra
549 2133 667 2210 propius
687 2134 838 2192 Romanos
858 2134 1001 2202 movisset,
1017 2131 1093 2206 quod
1108 2141 1175 2188 'cum

149 2227 227 2284 omni
241 2228 370 2300 equitatu
384 2227 570 2296 discessisset,
587 2225 664 2301 quod
685 2227 747 2283 sine
768 2226 889 2300 imperio
902 2233 996 2281 tantas
1011 2224 1108 2296 copias
1123 2224 1176 2280 rel·

149 2317 278 2390 iquisset,
303 2316 380 2390 quod
410 2317 470 2392 ejus
498 2317 626 2372 discessu
653 2316 780 2372 Romani
804 2316 883 2372 tantia
911 2314 1121 2388 opportunitate
1147 2323 1176 2369 et

149 2409 296 2465 celeritate
310 2408 471 2474 venisseut;
495 2425 553 2461 non
574 2406 637 2460 haec
657 2405 753 2460 omnia
773 2404 889 2462 fortuito
912 2416 959 2461 aut
979 2405 1042 2462 sine
1056 2403 1177 2459 consilio

151 2499 283 2555 accidere
296 2497 441 2570 potuisse3
463 2513 582 2569 regnum
597 2495 676 2549 illum
690 2495 790 2550 Galliae
803 2496 889 2552 malle
900 2495 1023 2552 Oaesaris
1037 2511 1177 2550 concessu

151 2587 239 2662 quarn
255 2587 383 2658 ipsorum
397 2584 503 2639 habere
517 2582 659 2638 beneficio
670 2585 695 2637 :’
717 2584 765 2639 tali
780 2586 865 2641 modo
884 2597 1043 2668 accusatuS,
1059 2583 1094 2639 'ad
1116 2583 1177 2639 baec

153 2675 319 2750 respondit:
342 2671 561 2732 ‘Quad'eastra
574 2671 716 2741 movisset,
732 2673 837 2730 sactum
854 2675 949 2766 ingpial
969 2675 1076 2750 pabuli,
1091 2673 1177 2730 etiam

155 2765 225 2841 ipsis
246 2763 444 2820 hortantibus:
466 2760 542 2836 qubd
562 2759 679 2837 propius
699 2762 847 2820 Romanos
868 2766 1043 2834 accessisset,
1063 2781 1178 2838 persua·

155 2875 220 2914 sum
244 2854 301 2911 loci
323 2853 541 2928 opportunitate,
566 2853 615 2927 qui
639 2871 670 2909 se
695 2855 788 2928 ipsum
812 2854 970 2912 munitione
993 2854 1176 2912 defenderet:

155 2947 284 3020 equitum
297 2943 363 3002 vero
378 2963 492 3019 operam
506 2963 599 3018 neque
614 2945 643 3000 in
658 2944 723 3002 loco
735 2945 853 3019 palustri
865 2946 1019 3004 desiderari
1034 2947 1176 3016 debuisse,

154 3049 183 3095 et
208 3037 267 3094 illic
291 3037 378 3093 fuisse
401 3036 510 3106 utilem,
533 3033 590 3110 qub
615 3035 672 3092 sint
695 3036 834 3110 profecti:
855 3055 994 3093 summam
1015 3037 1126 3112 imperii
1146 3053 1177 3093 se

154 3127 284 3186 consultd
299 3128 370 3184 nulli
384 3127 577 3184 discedentem
592 3126 753 3196 tradidisse,
768 3144 806 3182 ne
826 3126 850 3182 is
873 3127 1064 3184 multitudinis
1083 3127 1178 3183 studio

155 3221 190 3276 ad
205 3219 400 3275 dimicandum
421 3218 631 3292 impelleretur3
654 3217 702 3272 cui
722 3216 763 3272 rei
783 3227 897 3291 propter
918 3219 1005 3274 animi
1028 3218 1176 3274 mollitiem

153 3311 268 3368 studere
282 3328 381 3366 omnes
395 3307 513 3378 videret,
529 3306 605 3381 qudd
620 3307 727 3363 diutius
740 3307 867 3364 laborem
882 3308 954 3366 lerre
974 3327 1032 3365 non
1052 3318 1175 3383 possent.

154 3401 281 3459 Romani
310 3400 334 3457 si
362 3418 431 3456 casu
459 3398 672 3468 intervenerint,
698 3398 832 3468 sortunae3
867 3399 891 3456 si
920 3399 1040 3474 alicujus
1066 3398 1178 3456 'indicio

154 3493 258 3563 vocati,
273 3491 342 3546 huic
356 3489 517 3546 habendam
539 3489 669 3565 gratiam,
684 3488 761 3562 quod
781 3500 810 3546 et
829 3490 1002 3564 paucitatem
1024 3507 1121 3546 eorum
1142 3504 1178 3544 ex

154 3585 220 3641 loco
233 3583 379 3656 superiore
393 3598 578 3656 cognoscere,
589 3591 618 3636 et
628 3580 759 3637 uirtutem
775 3580 922 3654 despicere
935 3580 1095 3653 potuerint;
1117 3575 1176 3648 qui,

155 3675 293 3731 dimicare
307 3691 365 3728 non
381 3672 450 3740 ausi,
465 3671 584 3745 turpiter
599 3689 630 3727 se
644 3671 674 3726 in
695 3682 789 3728 castra
811 3671 979 3744 receperint.
1022 3665 1177 3739 Imperium

154 3783 186 3823 se
202 3766 236 3820 ab
251 3763 366 3819 Casare
379 3779 429 3834 per
449 3761 639 3834 proditionem
660 3762 770 3817 nullum
791 3761 961 3825 desiderare,
977 3757 1051 3829 quod
1074 3755 1179 3812 babere

155 3854 277 3912 victoria
296 3862 402 3927 posset,
423 3869 486 3924 quae
508 3851 566 3925 jam
590 3862 665 3908 esset
688 3852 742 3908 sibi
765 3861 849 3922 atque
869 3847 1001 3906 omnibus
1020 3845 1112 3912 Gallis
1132 3863 1179 3904 ex·

395 3941 428 3998 ll
