2578 4270
118 315 157 374 30
445 315 493 364 nn
516 315 631 364 annno
655 316 815 364 erarico
866 367 879 386 ,
950 318 1028 381 [cn.
1043 317 1149 366 saar.

118 467 147 513 et
161 457 282 531 desuper
296 456 486 514 vulnerarent.
527 459 629 518 Quum
651 459 775 514 hostium
798 458 874 514 acies
890 477 906 513 a
920 457 1036 514 sinistro
1056 477 1148 516 cornu

118 548 200 621 pulsa
215 559 298 622 atque
313 549 342 604 in
358 548 455 625 sugam
470 567 608 606 conversa
621 560 705 618 esset,
722 569 737 604 a
751 549 851 604 dextro
862 567 952 604 cornu
964 549 1147 606 vehementer

118 639 301 696 multitudine
314 658 431 696 suorum
445 651 571 696 nostram
592 640 683 695 aciem
703 641 880 713 premebant.
921 638 956 694 Id
977 658 1066 712 quum
1088 641 1148 696 ani·

117 731 313 786 madvertisset
327 730 358 788 P.
374 730 496 786 Crassus
511 731 687 800 adolescens,
703 731 752 803 qui
773 730 901 804 equitatu
922 741 1052 804 praeerat,
1068 730 1146 804 quod

118 821 275 894 expeditior
289 832 359 889 erat,
375 819 461 894 quam
486 820 525 890 hi,
540 821 589 894 qui
615 821 687 876 inter
711 821 802 876 aciem
822 821 1017 891 versabantur,
1032 821 1147 878 tertiam

119 911 209 966 aciem
224 912 418 967 laborantibus
432 911 537 968 nostris
550 911 679 967 subsidio
693 911 778 967 misit.

157 1001 234 1058 LIII.
263 1001 308 1058 Ita
321 1003 452 1076 proelium
472 1002 633 1058 restitutum
655 1013 707 1070 est,
724 1013 808 1074 atque
829 1021 929 1058 omnes
949 1001 1045 1058 hostes
1064 1011 1146 1078 terga

118 1104 270 1162 verterunt,
296 1111 389 1167 neque
417 1091 498 1167 privis
526 1093 625 1168 sugere
653 1091 832 1162 destiterunt,
861 1091 946 1166 quam
975 1093 1010 1148 ad
1038 1091 1145 1149 flumen

117 1167 254 1238 Rhenum
269 1184 358 1239 millia
371 1203 507 1258 passuum
522 1203 557 1239 ex
577 1202 613 1239 eo
633 1183 698 1238 loco
719 1183 833 1238 circiter
855 1183 1063 1259 quinquaginta
1082 1201 1146 1258 per·

116 1274 253 1329 venerint.
295 1273 340 1328 Ibi
354 1275 490 1348 perpauci
506 1285 563 1343 aut,
579 1274 686 1329 viribus
707 1274 818 1343 confisi,
833 1285 1012 1330 transnatare
1027 1286 1146 1332 conten·

116 1362 229 1431 derunt,
246 1375 303 1432 aut,
320 1363 454 1419 lintribus
468 1364 601 1433 inventis,
616 1363 671 1420 sibi
685 1364 805 1419 salutern
827 1375 1001 1438 repererunt.
1043 1363 1078 1420 In
1100 1365 1144 1422 his

117 1453 170 1508 fuit
184 1453 355 1522 Ariovistus,
371 1454 429 1529 qui,
445 1455 607 1510 naviculam
630 1454 784 1529 deligatam
808 1455 843 1534 ad
867 1455 958 1530 ripam
982 1465 1093 1524 nactus,
1108 1456 1143 1510 ea

115 1545 256 1620 profugit3
279 1545 403 1619 reliquos
417 1563 516 1602 omues
530 1545 679 1602 consecuti
693 1545 804 1618 equites
818 1545 907 1601 nostri
927 1544 1141 1601 interfecerunt.

115 1635 189 1690 Duae
212 1637 326 1692 fuerunt
348 1636 486 1693 Ariovisti
509 1655 621 1705 uxores,
645 1655 702 1691 una
726 1637 822 1692 Sueva
845 1636 972 1707 natione,
996 1655 1082 1714 quarn
1108 1637 1144 1692 ab

115 1723 200 1782 domo
223 1745 321 1784 secum
347 1727 499 1796 eduxerat3
529 1727 617 1782 altera
638 1726 758 1796 Norica,
783 1727 859 1802 regis
886 1727 1025 1784 Vocionis
1052 1747 1143 1796 soror,

115 1837 198 1890 quarn
215 1819 244 1874 in
258 1819 353 1874 Gallia
375 1819 504 1888 duxerat,
521 1837 536 1874 a
551 1818 636 1874 sratre
658 1818 791 1874 missam:
814 1829 942 1890 utraeque
964 1817 993 1874 in
1014 1818 1049 1873 erl
1074 1819 1143 1892 suga

114 1910 268 1982 perierunt.
310 1909 382 1964 Duae
406 1910 470 1965 liliae
496 1909 606 1978 harum,
633 1909 720 1964 altera
742 1909 849 1977 occisa,
872 1909 960 1964 altera
986 1919 1070 1982 capta
1090 1919 1140 1964 est.

115 1999 148 2054 C.
164 1999 296 2054 Valerius
310 1999 461 2068 Procillus,
477 2019 565 2072 quum
581 2019 597 2055 a
611 2000 778 2054 custodibus
794 1999 822 2054 in
841 1999 908 2073 fugai
929 1998 1011 2054 trinis
1033 1999 1141 2055 catenis

114 2090 227 2146 vinctus
250 2090 419 2160 traheretur,
440 2090 470 2145 in
493 2091 585 2164 ipsum
607 2090 762 2158 Caesarem,
778 2091 872 2144 hostes
896 2088 1023 2161 equitatu
1048 2107 1141 2162 persc-

114 2192 258 2254 quentem,
274 2180 384 2236 incidit.
425 2180 502 2240 Quae
517 2181 632 2254 quidem
647 2199 692 2236 res
704 2181 810 2236 Caesari
823 2198 880 2234 non
892 2179 1042 2248 minorem,
1054 2179 1139 2253 quam

114 2272 175 2346 ipsa
188 2272 317 2340 victoria,
332 2271 505 2345 voluptatem
525 2271 627 2340 attulit,
643 2270 721 2345 quod
742 2271 886 2326 hominem
908 2269 1139 2328 honestissimum

113 2363 266 2438 provinciae
288 2362 399 2432 Galliae,
425 2381 508 2418 snum
536 2362 705 2418 familiarem
733 2373 761 2417 et
789 2361 939 2435 hospitem,
968 2371 1095 2435 ereptum
1123 2379 1139 2417 e

77 2472 80 2476 ’
112 2455 249 2536 manibus
265 2453 399 2523 hostiurn,
415 2453 469 2509 sibi
493 2453 655 2508 restitutum
676 2453 807 2520 videbat]
830 2469 923 2524 neque
945 2450 1005 2524 ejus
1025 2450 1140 2506 calami·

111 2555 169 2602 tate
183 2546 218 2602 de
233 2545 310 2602 tanti
325 2545 469 2619 voluptate
483 2554 512 2600 et
525 2543 716 2619 gratulatione
739 2543 893 2617 quidquam
918 2541 1031 2596 fortuna
1052 2539 1139 2596 demi·

110 2647 221 2694 nuerat.
263 2636 301 2707 Is,
317 2655 347 2694 sc
367 2646 518 2711 praesente,
533 2634 569 2690 de
591 2652 621 2690 se
641 2644 684 2689 ter
699 2635 822 2690 sortibus
837 2631 999 2688 consultum
1014 2631 1138 2700 dicebat,

110 2727 206 2784 utrhm
222 2729 282 2804 igni
296 2727 391 2784 statim
412 2737 574 2795 necaretur,
592 2744 628 2780 an
650 2724 679 2779 in
702 2723 778 2779 aliud
798 2734 911 2796 tempus
930 2733 1121 2778 reservaretur

111 2818 229 2880 sortium
244 2818 385 2873 beneficio
399 2835 429 2872 se
443 2835 505 2873 esse
516 2816 698 2872 incolumem.
740 2812 813 2869 Item
825 2811 866 2868 M.
879 2811 1000 2867 Mettius
1010 2822 1139 2886 repertus

110 2919 139 2965 et
154 2908 188 2963 ad
203 2927 268 2964 eum
283 2907 418 2962 reductus
432 2918 483 2962 est.

150 2998 227 3055 LIV.
256 2997 323 3053 Hoc
344 2997 445 3071 proelio
466 3007 544 3052 trans
565 2996 704 3052 Rhenum
730 2992 878 3062 nunciat0,
908 2993 1006 3062 Suevi,
1031 2992 1079 3065 qui
1103 2993 1137 3048 ad

111 3089 186 3164 ripas
200 3088 299 3144 Rheni
310 3098 459 3157 venerant,
474 3087 590 3144 domum
604 3085 708 3143 reverti
723 3099 888 3160 eoeperunt:
911 3103 981 3157 quos
995 3083 1072 3152 Ubii,
1088 3084 1137 3156 qui

111 3179 231 3255 proximi
246 3177 384 3260 Rhenum
399 3178 538 3248 incolunt,
552 3177 717 3252 perterritos
738 3175 871 3244 insecuti,
887 3192 1022 3249 magnum
1044 3192 1079 3228 ex
1093 3174 1137 3229 his

110 3289 261 3329 numerum
293 3269 471 3326 occiderunt.
522 3269 629 3336 Caesar,
656 3267 715 3324 und
743 3277 839 3326 aestate
867 3265 979 3320 duobus
1006 3263 1137 3320 maximis

65 3346 70 3356 ⁶
110 3363 192 3418 bellis
207 3361 356 3430 consectis,
371 3357 512 3416 maturihs
525 3357 622 3433 pauld,
637 3357 722 3432 quarn
744 3369 856 3430 tempus
878 3355 944 3412 anni
965 3354 1136 3427 postulabat,

111 3454 140 3510 in
155 3453 274 3509 hiberna
288 3452 318 3507 in
333 3453 483 3524 Sequanos
499 3449 656 3506 exercitum
671 3448 804 3503 deduxit:
827 3445 955 3502 hibernis
975 3443 1136 3500 Labienum

109 3543 281 3620 praeposuit:
304 3543 365 3617 ipse
389 3541 419 3598 in
441 3541 603 3597 citeriorem
626 3538 750 3594 Galliam
772 3537 808 3594 ad
829 3547 987 3592 conventus
1013 3533 1137 3609 agendos

109 3637 254 3710 profectus
268 3645 311 3692 est
