2578 4270
131 323 202 372 co.
217 304 331 386 'at-ass
491 319 598 369 tiana
621 319 798 378 Quassus.
1123 320 1163 380 57

130 460 214 522 Tum
228 463 328 534 nostri,
344 461 483 520 cohortati
497 463 569 520 iuter
584 481 624 532 se,
639 479 676 518 ne
689 471 800 518 tautum
814 455 941 518 dedecus
956 461 1162 535 admitteretur,

133 555 262 611 universi
277 554 391 610 exnavi
405 553 598 610 desiluerunt:
621 553 672 608 hos
687 553 756 609 item
771 553 819 608 alii
839 572 873 608 ex
894 546 1029 627 proximis
1043 556 1163 611 navibus

129 662 224 718 quum
240 643 463 718 conspexissent,
478 643 625 699 subsecuti
639 644 769 699 hostibus
785 645 1054 718 appropinqudrunt.

176 734 289 790 XXVI.
318 734 480 809 Pugnatum
509 744 552 790 est
580 735 615 789 ab
643 735 770 806 utrisque
798 735 917 804 acriter3
939 736 1028 792 nostri
1056 746 1161 806 tamen,

134 821 215 900 qubd
237 843 331 900 neque
354 824 470 880 ordines
492 842 614 894 servare,
638 843 731 900 neque
757 824 875 881 firmiter
903 825 1045 896 insistere,
1069 845 1163 899 neque

131 917 221 990 signa
230 914 368 988 subsequi
382 925 524 988 poteraut,
540 925 623 987 atque
639 915 710 970 alius
726 915 780 970 alid
795 931 830 970 ex
843 916 919 986 navi,
934 917 1162 990 quibuscumque

130 1005 226 1080 signis
242 1015 416 1074 occurrerat,
432 1023 463 1061 se
485 1006 667 1080 aggregabat,
682 1023 788 1079 magno
809 1023 895 1078 opere
915 1007 1161 1079 perturbabantur.

131 1095 244 1152 Hostes
258 1093 335 1166 verb,
350 1095 426 1152 notis
446 1096 580 1152 omnibus
599 1095 690 1165 vadis,
705 1095 754 1150 ubi
775 1113 811 1150 ex
834 1095 917 1152 litore
939 1095 1048 1169 aliquos
1068 1097 1164 1172 singu·

129 1185 210 1242 lares
223 1205 259 1242 ex
272 1186 337 1242 narl
352 1186 532 1262 egredientes
546 1195 763 1259 conspexerant,
775 1185 902 1242 incitatis
916 1186 998 1259 equis
1012 1187 1163 1262 impeditos

130 1276 356 1333 adoriebantur:
391 1277 487 1351 plures
510 1295 618 1350 paucos
643 1276 911 1332 circumsistebant:
947 1275 995 1332 alii
1018 1277 1053 1332 ab
1074 1277 1163 1336 latere

131 1377 234 1440 aperto
248 1367 278 1423 in
292 1367 439 1425 universos
452 1367 510 1423 tela
525 1367 726 1442 conjiciebant.
767 1366 858 1427 Quod
879 1386 967 1440 quum
989 1367 1164 1424 animadver-

129 1457 216 1514 tisset
237 1457 344 1528 Caesar,
368 1458 488 1532 scaphas
506 1457 656 1532 longarum
672 1457 798 1527 navium,
814 1458 882 1514 item
903 1458 1095 1532 speculatoria
1114 1479 1164 1515 na·

131 1547 215 1622 rigia
229 1547 367 1604 militibus
387 1547 524 1622 compleri
545 1548 639 1623 jussit,
653 1558 682 1604 et
697 1568 767 1622 quos
781 1549 942 1605 laborantes
966 1562 1162 1624 conspexerat,

132 1627 180 1693 iis'
192 1638 320 1694 subsidia
339 1638 532 1694 submittebat.
573 1637 674 1694 Nostri
696 1639 779 1694 simul
804 1639 834 1694 in
860 1640 939 1695 arido
963 1641 1162 1712 constiterunt,

132 1727 196 1784 suis
211 1729 343 1784 omnibus
358 1729 531 1798 consecutis,
547 1729 576 1784 in
591 1729 686 1785 hostes
701 1729 838 1802 impetum
859 1729 1000 1799 fecerunt,
1016 1741 1099 1803 atque
1114 1750 1163 1787 eos

132 1819 166 1874 in
189 1819 286 1894 fugam
308 1818 463 1887 dederunt;
492 1837 586 1892 neque
609 1817 724 1894 longius
744 1819 878 1893 prosequi
900 1830 1064 1893 potuerunt,
1086 1820 1163 1894 qudd

132 1909 247 1982 equites
274 1928 390 1964 cursum
417 1919 516 1966 tenere
544 1920 629 1983 atque
650 1909 772 1966 insulam
797 1929 900 1984 capere
920 1930 978 1966 non
1001 1921 1161 1985 potuerant.

134 1999 204 2054 Hoc
219 2017 306 2055 unum
322 1999 357 2055 ad
371 1999 521 2074 pristinam
536 2001 678 2056 fortunam
693 2001 802 2056 Caesari
816 2001 915 2060 defuit.

176 2088 304 2146 XXVII.
334 2089 440 2146 Hostes
467 2091 569 2164 proelio
596 2092 730 2165 superati,
759 2091 844 2148 simul
870 2103 955 2166 atque
979 2111 1009 2149 se
1032 2111 1067 2149 ex
1094 2093 1162 2168 lugd

134 2191 315 2254 receperunt,
330 2181 425 2237 statim
441 2181 475 2236 ad
490 2181 635 2238 Caesarem
649 2182 758 2257 legatos
772 2183 807 2238 de
821 2201 893 2256 pace
907 2184 1062 2240 miserunt:
1085 2183 1162 2239 ‘Ob-

135 2271 212 2328 sides
236 2271 360 2340 daturos,
376 2290 496 2344 quaeque
517 2271 693 2346 imperasset,
709 2293 771 2330 sese
787 2275 920 2330 facturos’
942 2275 1064 2349 polliciti
1086 2285 1160 2332 sunt.

136 2361 201 2419 Una
215 2381 281 2418 cum
295 2362 340 2418 his
357 2362 459 2437 legatis
474 2362 623 2417 Commius
637 2363 761 2420 Atrebas
774 2365 861 2434 venit,
877 2384 962 2438 quem
983 2365 1070 2439 supra
1084 2365 1163 2421 dem·

91 2469 93 2474 ·
135 2463 328 2509 onstraveram
353 2471 369 2508 a
391 2452 506 2507 Caesare
528 2451 557 2506 in
579 2451 759 2508 Britanniam
779 2455 965 2528 praemissum.
1009 2455 1098 2511 Hunc
1121 2456 1162 2512 illi

136 2561 152 2599 e
166 2543 232 2599 navi
247 2561 404 2617 egressum,
419 2560 507 2613 quum
523 2541 558 2595 ad
573 2559 622 2596 eos
640 2543 759 2598 oratoris
779 2544 866 2598 modo
886 2544 1065 2617 imperatoris
1085 2565 1164 2602 marr·

136 2633 203 2689 data
215 2633 364 2705 perferret,
380 2629 664 2702 comprehenderant,
681 2641 765 2704 atque
779 2633 808 2687 in
824 2632 940 2688 vincula
960 2635 1161 2708 conjecerant:

137 2733 207 2791 tum,
228 2720 330 2794 proelio
357 2719 443 2788 lactc,
464 2719 644 2789 remiserunt,
673 2731 701 2778 et
728 2721 758 2778 in
784 2721 908 2796 petenda
934 2741 1007 2797 pace
1034 2724 1094 2800 ejus
1121 2727 1162 2784 rei

138 2812 251 2884 culpam
267 2810 296 2864 in
316 2809 526 2865 multitudinem
548 2811 741 2883 contuleruut,
757 2824 785 2869 et
803 2824 919 2886 propter
941 2814 1162 2889 imprudentiam

138 2913 169 2958 ut
191 2901 396 2976 ignosceretur,
410 2901 579 2974 petiverunt.
621 2901 718 2959 Caesar
740 2915 857 2978 questus
877 2904 964 2978 qudd,
980 2925 1066 2980 quum
1088 2909 1162 2965 ultro

137 2989 166 3047 in
191 2990 386 3047 continentem
409 2991 511 3067 legatis
533 2992 627 3050 missis
648 3011 750 3068 pacem
773 2996 808 3050 ab
832 3013 863 3052 se
887 2996 1033 3070 petissent,
1055 2999 1161 3057 bellurn

135 3083 197 3139 sine
211 3081 299 3145 causti
315 3081 487 3152 intulissent,
503 3082 654 3158 ignoscere
675 3083 873 3158 imprudentiae
895 3087 975 3158 dixit,
991 3090 1162 3164 obsidesque
1215 3103 1220 3112 '

135 3171 301 3245 imperavit:
325 3191 446 3244 quorum
461 3173 501 3230 illi
516 3185 627 3247 partem
641 3175 736 3230 statim
755 3175 904 3247 dederunt,
919 3190 1038 3252 partem,
1054 3199 1089 3238 ex
1102 3181 1163 3238 lon-

136 3261 333 3335 ginquioribus
347 3261 419 3318 locis
435 3264 610 3332 arcessitam,
624 3265 724 3337 paucis
744 3265 845 3323 diebus
866 3287 928 3325 sese
949 3269 1064 3327 daturos
1085 3271 1162 3328 dixe·

136 3360 210 3405 runt.
251 3349 365 3406 Interea
379 3369 446 3406 suos
460 3351 616 3427 remigrare
631 3353 660 3410 in
676 3373 758 3430 agros
781 3356 936 3430 jusserunt,
959 3361 1161 3436 principesque

136 3437 264 3511 undique
277 3439 442 3511 convenire,
457 3451 530 3499 etse
545 3442 731 3519 civitatesque
745 3465 811 3504 suas
830 3448 938 3506 Caesari
960 3453 1161 3511 commendare

136 3538 293 3602 coeperunt.

175 3617 319 3676 XXVIII.
349 3619 404 3676 His
425 3622 510 3679 rebus
531 3643 603 3698 pace
628 3627 806 3698 confirmati,
827 3641 891 3703 post
916 3632 992 3689 diem
1017 3635 1159 3705 quartum,

135 3709 221 3783 quam
236 3720 279 3765 est
294 3709 323 3765 in
339 3711 517 3769 Britanniam
531 3727 657 3787 ventum,
671 3737 758 3775 naves
777 3720 892 3791 XVIII,
908 3723 944 3778 de
958 3723 1061 3796 quibus
1075 3722 1161 3797 suprd

134 3800 358 3874 demonstratum
374 3789 505 3875 esssquae
526 3806 637 3878 equites
657 3809 840 3880 sustulerant,
855 3830 891 3867 ex
911 3812 1057 3886 superiore
1075 3821 1160 3888 portu

134 3889 192 3946 leni
207 3899 292 3948 vento
312 3890 465 3950 solverunt.
505 3891 583 3956 Qua
604 3915 693 3970 quum
713 3899 973 3974 appropinquarent
992 3899 1149 3963 Britannias

140 4093 153 4144 9
