2566 4270
144 309 202 372 Μ
468 301 518 354 or:
539 299 657 353 annuo
680 297 841 348 estmoe
975 297 1055 362 [oar.
1072 297 1178 348 16-1s.

142 447 342 527 pabulationes
355 444 648 520 frumentationesque
666 441 844 512 observabat,
860 440 1070 516 dispersosque,
1087 458 1179 516 quum

143 540 258 617 longibs
278 538 442 597 necessario
462 537 661 612 procederent,
678 533 868 604 adoriebatur,
882 550 1046 608 magnoque
1066 532 1180 588 incom-

143 631 230 690 modo
255 630 415 688 afficiebat:
447 629 511 698 etsi,
535 639 674 702 quantum
694 622 806 682 ratione
827 623 971 702 provideri
995 634 1116 698 poterat,
1142 624 1179 680 ab

143 720 249 780 nostris
269 720 483 791 occurrebatur,
498 729 529 776 ut
544 718 662 781 incertia
676 717 852 792 temporibus
873 715 1049 789 diversisque
1067 715 1180 772 itineri-

144 811 198 870 bus
212 811 308 870 iretur.
993 884 995 888 .

136 975 138 983 k
183 901 283 960 XVII.
311 902 421 959 Castrrs
444 901 479 958 ad
503 910 697 976 campartem
719 898 817 974 oppidi
839 897 949 973 positis,
977 897 1087 968 Caesar,
1112 915 1178 971 quaa

145 993 307 1050 intermissa
322 1011 338 1050 a
352 992 470 1050 flumine
484 1003 513 1050 et
527 1011 544 1050 a
556 990 661 1067 palude
683 991 801 1060 aditum,
816 1001 848 1047 ut
869 987 955 1064 suprai
975 988 1112 1059 diximus,
1128 1007 1179 1045 an·

90 1085 98 1098 '
145 1097 260 1162 gustum
282 1084 414 1154 habebat,
430 1101 563 1160 aggerem
585 1100 730 1158 apparare,
752 1081 850 1138 vineas
872 1097 966 1156 agere,
987 1090 1081 1136 turres
1104 1079 1178 1136 duas

146 1175 321 1232 constituere
345 1175 450 1250 ooepit:
472 1193 538 1231 nam
559 1173 775 1232 circumvallare
796 1172 852 1230 loci
874 1184 976 1228 notura
994 1170 1177 1246 prohibebat.

145 1263 192 1322 De
206 1283 237 1322 re
251 1265 436 1322 frumentarii
454 1265 543 1336 Boios
564 1275 648 1338 atque
668 1263 780 1320 AEduos
802 1262 945 1323 adhortari
966 1281 1023 1318 non
1044 1261 1176 1318 destitit:

146 1373 267 1429 quorum
282 1355 373 1425 alteri,
387 1355 465 1430 quaid
478 1355 558 1412 nullo
575 1353 671 1412 studio
692 1354 824 1438 agebant,
838 1373 897 1412 non
918 1350 1040 1410 multtlm
1062 1352 1179 1427 adjura-

146 1443 231 1514 baut;
254 1445 335 1504 alteri
348 1464 407 1502 non
427 1446 540 1522 magnis
560 1445 755 1516 facultatibus,
770 1444 848 1520 qurid
867 1444 968 1502 civitas
989 1455 1050 1500 erat
1069 1445 1179 1522 exigua

146 1547 175 1592 et
190 1535 310 1607 infirma,
326 1537 467 1608 celeriter,
482 1536 558 1611 quod
577 1537 748 1606 habuerunt,
763 1546 1010 1611 consumpserunt.
1053 1533 1176 1592 Summi

136 1625 314 1698 'difficultate
327 1628 369 1686 rei
384 1625 693 1684 frumentarire'affecto
713 1627 851 1696 exercitu,
866 1627 1005 1684 tenuitate
1025 1626 1175 1696 Boiorum,

148 1717 327 1796 indiligentiia
360 1718 531 1788 AEduorum,
559 1711 701 1776 incendiis
729 1717 924 1788 edificiorum,
952 1735 1042 1792 usqne
1069 1717 1116 1788 eb,
1144 1727 1176 1774 ut

148 1811 309 1885 complures
323 1809 385 1866 dies
398 1809 503 1880 milites
518 1809 660 1866 frumento
681 1807 835 1878 caruerint,
850 1820 888 1880 et,
901 1827 1006 1884 pecore
1026 1826 1043 1864 e
1063 1807 1176 1884 longia·

148 1901 295 1974 quioribus
321 1900 393 1958 vicis
420 1900 531 1972 adacto,
553 1910 707 1956 extremam
735 1899 839 1956 famem
867 1909 1069 1970 sustentarent,
1095 1899 1176 1956 nulla

147 2001 243 2047 tamen
258 2010 311 2048 vox
325 2002 368 2048 est
382 1991 417 2048 ab
432 1991 467 2048 iis
482 1990 578 2048 audita
591 1990 689 2066 populi
703 1989 831 2046 Romani
852 1990 997 2065 majestate
1019 2001 1047 2047 et
1066 1989 1177 2066 superi·

147 2081 245 2138 oribus
259 2081 385 2138 victoriis
399 2081 525 2158 indigna.
550 2081 649 2154 {Quin
663 2080 749 2137 etiam
761 2080 857 2138 Caesar
872 2100 960 2155 quum
975 2081 1005 2138 in
1018 2100 1105 2157 opere
1119 2081 1176 2140 sirr-

147 2171 229 2248 gulas
250 2170 378 2246 legiones
399 2173 562 2248 appellaret,
587 2182 626 2242 et,
651 2171 676 2228 si
698 2168 830 2228 acerbius
854 2171 980 2246 inopiam
1002 2172 1118 2244 ferrent,
1144 2192 1175 2230 se

148 2261 332 2318 dimissurum
358 2263 599 2338 oppugnationem
627 2263 753 2332 diceret3
785 2263 910 2320 universi
935 2263 970 2320 ab
994 2281 1038 2336 eo,
1066 2270 1123 2320 ‘ne
1146 2264 1174 2321 id

149 2351 274 2422 faceret,’
302 2352 456 2428 petebant:
486 2354 546 2410 ‘sic
574 2371 605 2410 se
635 2344 796 2428 complures
823 2373 912 2410 annos
940 2354 989 2410 illo
1015 2355 1175 2429 imperante

148 2443 295 2514 meruisse,
316 2455 346 2500 ut
365 2443 471 2500 nullam
494 2443 681 2520 ignominiam
703 2444 876 2519 acciperent,
899 2464 1044 2518 nunquam
1065 2445 1173 2503 inlecti

148 2552 179 2592 re
200 2534 398 2593 discederent:
429 2533 485 2592 hoc
512 2553 543 2592 se
567 2534 732 2611 ignominiae
754 2535 860 2592 laturos
881 2535 961 2609 loeo,
981 2536 1005 2592 si
1029 2536 1173 2611 inceptam

148 2627 388 2704 oppugnationem
412 2623 608 2702 reliquissent:
629 2636 763 2705 praestare
787 2645 886 2682 omnes
912 2627 1037 2702 perferre
1066 2629 1174 2684 acerbi·
1241 2663 1250 2672 -

147 2727 230 2788 tates,
245 2715 331 2792 quam
345 2737 403 2774 non
418 2715 529 2773 civibus
542 2715 694 2786 Romania
707 2716 755 2789 qui
766 2717 878 2772 Genabi
893 2717 1011 2791 perfidia
1024 2717 1172 2774 Gallorum

149 2807 321 2879 interissent,
344 2809 544 2882 pertentarent.¹
587 2806 661 2862 Haec
682 2807 781 2862 eadem
803 2808 1019 2884 centurionibus
1039 2808 1173 2866 tribunis·
1240 2821 1241 2828 ’

148 2916 204 2971 que
218 2897 340 2954 rnilitum
354 2899 537 2968 mandabant,
551 2907 583 2954 ut
595 2915 645 2971 per
660 2915 709 2954 eos
725 2898 758 2954 ad
774 2897 917 2955 Caesarem
933 2898 1118 2956 deferrentur.

187 2986 300 3044 XVIII.
328 2987 430 3048 Quum
449 2987 506 3062 jam
529 3007 611 3044 muro
632 2978 724 3046 turres
747 2989 1029 3064 appropinquassent,
1052 3009 1087 3048 ex
1108 3009 1173 3066 cap-

148 3077 213 3136 tivis
227 3077 323 3134 Caesar
339 3079 472 3154 cognovit
486 3079 761 3155 Vercingetorigem,
774 3091 943 3156 consumpto
953 3081 1067 3156 pabulo
1080 3093 1173 3138 castra

137 3169 269 3241 ,movisse
292 3169 409 3242 propiis
430 3169 597 3241 Avaricum,
614 3180 697 3244 atque
720 3169 811 3244 ipsum
831 3189 898 3228 eum
921 3173 1050 3245 equitatu
1070 3171 1173 3246 exped-

149 3257 262 3331 itisque,
290 3259 339 3333 qui
373 3259 446 3316 inter
480 3261 591 3334 equites
620 3260 745 3336 proeliari
779 3261 975 3334 consuessent,
1004 3264 1172 3320 insidiarum

149 3349 236 3404 causti
257 3347 292 3404 eb
316 3350 486 3423 profectum,
502 3349 558 3424 qub
581 3363 693 3408 nostros
715 3363 830 3428 postero
853 3353 899 3410 die
920 3354 1086 3428 pabulatum
1107 3373 1173 3412 ven·
1208 3349 1211 3353 ’

148 3447 227 3494 turos
240 3439 430 3496 arbitraretur.
456 3507 459 3512 ¹
471 3441 589 3501 Quibus
603 3443 688 3500 rebus
702 3443 835 3520 cognitis,
850 3444 944 3503 medii
959 3457 1045 3502 nocte
1059 3445 1173 3502 silentio

143 3528 302 3603 profectus,
318 3530 352 3586 ad
373 3529 497 3588 hostium
512 3541 605 3588 castra
619 3552 702 3590 mane
722 3535 858 3608 pervenit.
900 3535 956 3606 Illi,
972 3536 1103 3593 celeriter
1122 3555 1173 3611 per

149 3619 339 3694 exploratores
361 3621 484 3676 adventu
505 3620 627 3679 Caesaris
648 3625 774 3699 cognito,
796 3644 892 3682 curros
913 3627 1173 3702 impedimentaque

149 3729 202 3768 sua
222 3710 254 3779 in
277 3711 393 3768 artiores
415 3711 499 3768 silvas
524 3711 702 3784 abdiderunt,
721 3715 817 3790 copias
838 3737 937 3775 omnes
959 3719 987 3776 in
1009 3718 1074 3776 loco
1095 3719 1174 3776 edito

135 3813 234 3877 ,atque
255 3812 351 3876 aperto
371 3803 572 3858 instruxerunt.
613 3803 684 3863 Qua
705 3824 735 3862 re
747 3808 903 3879 nunciate,
919 3809 1016 3868 Caesar
1042 3809 1173 3868 celeriter

148 3891 275 3952 moinus
289 3891 422 3972 conferri,
438 3907 516 3972 arma
529 3891 656 3966 expediri
667 3893 759 3968 jussit.
