2566 4270
145 295 189 366 ss
475 287 525 338 uu
547 277 665 336 uacuo
688 287 849 336 Gannico
994 287 1078 348 [Cn.
1095 287 1139 347 ss,
1152 287 1196 336 er.

141 440 295 498 ‘uenerunt
336 429 439 492 Quum
462 429 594 488 celeriter
617 431 708 488 nostri
736 447 815 486 arma
836 428 991 502 cepissent,
1018 429 1194 502 vallumque

149 524 355 590 ascendissent,
371 513 466 594 atipue,
492 526 549 578 unri
571 539 606 578 ex
628 533 708 596 parte
731 521 870 594 Hispanis
893 520 1039 592 equitibus
1061 519 1191 589 emissis,

147 616 271 688 equestri
287 614 387 688 proelio
401 615 562 686 superiores
577 612 707 681 fuissent,
722 612 871 684 desperata
887 629 928 679 re,
944 610 1041 666 hostes
1058 629 1129 664 suos
1153 611 1191 664 ab
1264 639 1273 664 t

147 707 359 780 oppugnatione
374 705 556 760 reduxerunt.
599 702 678 758 Tum
693 722 745 758 suo
759 720 838 758 more
859 702 1127 770 conclamaverunt,
1144 701 1188 758 uti

148 797 235 869 aliqui
250 815 285 852 ert
306 797 410 852 nostris
432 795 466 850 ad
489 795 664 867 colloquium
684 794 848 868 prodirent3
871 792 1007 848 ‘Habere
1028 811 1105 862 sese,
1121 812 1188 865 quae

147 886 183 942 de
197 906 228 943 re
242 888 387 944 communi
403 887 500 942 dicere
515 887 629 954 vellent,
644 885 748 958 quibus
763 885 849 940 rebus
864 884 1074 939 controversias
1090 885 1187 940 minui

145 995 229 1052 posse
243 978 406 1050 sperarent¹

149 1127 153 1137 ,
186 1067 316 1124 XXVll.
347 1067 472 1124 lilittitur
497 1064 532 1121 ad
554 1083 604 1122 eos
630 1065 814 1138 colloquendi
839 1065 926 1120 causti
951 1064 984 1120 C.
1009 1063 1183 1137 Arpineius,

147 1175 235 1230 eques
257 1158 417 1226 Romanus,
442 1157 589 1214 familiaris
612 1155 652 1216 Q.
675 1155 794 1225 Titurii,
815 1166 844 1212 et
867 1155 907 1215 Q.
924 1154 1030 1210 Junius
1054 1173 1091 1210 ex
1115 1154 1185 1212 His-

145 1250 231 1322 pauiti
260 1249 386 1320 quidam,
411 1249 458 1320 qui
482 1248 541 1322 jam
565 1245 631 1302 ante
655 1247 743 1304 missu
771 1246 895 1302 Caesaris
920 1246 954 1300 ad
977 1245 1183 1321 Ambiorigem

145 1351 285 1394 ventitare
307 1350 513 1394 consueverat:
536 1338 609 1412 apud
635 1357 707 1410 quos
728 1337 881 1393 Ambiorix
904 1337 938 1391 ad
961 1337 1039 1392 hunc
1060 1338 1183 1393 modurn

146 1427 260 1496 locutus
284 1441 345 1485 est:
368 1430 461 1484 ‘Sese
484 1448 535 1503 pro
556 1429 680 1485 Caesaris
701 1429 731 1484 in
751 1447 782 1484 se
804 1428 952 1484 beneficiis
972 1428 1129 1502 plurimum
1154 1428 1182 1484 ei

146 1519 276 1574 confiteri
291 1520 405 1588 debere,
420 1520 497 1593 quod
512 1521 575 1594 ejus
589 1520 675 1594 operti
691 1520 835 1593 stipendio
848 1519 985 1575 liberatus
999 1529 1085 1588 esset,
1102 1519 1182 1591 quod

146 1610 309 1678 Aduatuois
324 1611 451 1666 finitimis
465 1613 525 1667 suis
539 1612 664 1686 pendere
679 1610 856 1680 consuesset,
868 1609 1002 1683 quodque
1016 1610 1043 1665 ei
1058 1621 1088 1666 et
1104 1610 1181 1665 lilius

146 1713 175 1758 et
190 1702 282 1758 fratris
304 1702 377 1758 filius
392 1703 427 1757 ab
448 1702 563 1758 Caesare
585 1702 695 1758 remissi
716 1713 821 1770 essent,
837 1720 908 1774 quos
929 1701 1088 1770 Aduatuci,
1104 1702 1182 1756 obsi-

146 1794 213 1850 dum
230 1812 349 1849 numero
363 1796 474 1862 missos,
490 1793 564 1868 apud
579 1811 610 1849 se
625 1794 653 1848 in
669 1794 803 1848 servitute
818 1803 847 1847 et
867 1791 976 1846 catenis
997 1792 1178 1849 tenuissent:

145 1904 240 1958 neque
256 1886 293 1950 id,
309 1885 383 1958 quod
401 1885 500 1941 feeerit
521 1884 557 1940 de
578 1884 792 1958 oppugnatione
813 1894 982 1951 castrorum,
999 1894 1047 1962 put
1064 1865 1181 1956 iudicio

147 1991 195 2032 aut
211 1978 354 2030 voluntate
368 1979 420 2031 suri
437 1977 549 2044 fecisse,
563 1975 612 2030 sed
629 1987 731 2030 coactu
747 1974 886 2040 civitatis;
908 1992 1016 2045 suaque
1027 1992 1090 2028 esse
1105 1975 1180 2048 ejus-

146 2067 223 2120 modi
241 2069 368 2138 imperia,
385 2081 486 2122 utnon
503 2069 596 2122 minus
612 2067 728 2121 liaberet
739 2065 811 2140 juris
826 2065 854 2120 in
870 2083 900 2120 se
915 2064 1077 2132 multitude,
1089 2064 1179 2137 quarn

148 2157 207 2229 ipse
224 2175 251 2210 ιιι
269 2159 487 2213 rnrrltrtudiuem.
529 2158 647 2213 Civitati
662 2155 746 2229 porro
763 2155 836 2210 hanc
852 2155 938 2210 fuisse
960 2154 1026 2210 belli
1048 2174 1177 2225 causam,

147 2247 223 2318 quod
241 2252 395 2320 repentinae
415 2249 562 2302 Gallorum
589 2247 779 2321 conjurationi
802 2247 932 2302 resistere
953 2264 1010 2300 non
1031 2248 1177 2320 potuerit:

147 2336 177 2392 id
191 2355 221 2393 se
237 2338 320 2393 facile
336 2357 371 2394 ex
386 2339 546 2394 humilitate
560 2339 611 2394 sud
627 2339 747 2412 probare
761 2355 854 2411 posse,
869 2335 946 2409 quod
968 2355 1026 2392 non
1048 2335 1120 2392 adeo
1139 2339 1177 2394 sit

147 2426 295 2502 imperitus
310 2449 417 2499 rerum3
431 2442 461 2485 ut
475 2430 534 2484 suis
549 2429 640 2502 copiis
653 2429 788 2502 populum
809 2427 974 2482 Romanum
990 2446 1021 2483 se
1042 2446 1177 2501 superare

145 2538 230 2594 posse
245 2521 384 2578 confidat:
406 2520 457 2578 sed
471 2538 534 2576 esse
554 2520 655 2576 Gallia
677 2536 831 2574 commune
851 2517 1020 2586 consilium;
1042 2519 1176 2574 omnibus

147 2613 274 2670 hibernis
289 2613 412 2670 Caesaris
426 2611 626 2687 oppugnandis
647 2610 725 2666 hunc
746 2627 808 2665 esse
829 2609 938 2664 dictum
960 2608 1046 2677 diem,
1062 2627 1098 2664 ne
1119 2628 1177 2682 qua

9 2753 10 2766 ι
75 2712 80 2718 ’
145 2704 223 2779 legio
238 2706 332 2760 atterae
354 2704 461 2780 legioni
484 2702 613 2758 subsidio
633 2701 730 2757 venire
751 2709 865 2774 posset:
888 2718 945 2754 non
968 2697 1052 2756 facile
1077 2699 1176 2756 Gallos

146 2794 238 2850 Gallis
253 2813 358 2868 negare
379 2796 516 2867 potuisse,
531 2791 688 2867 praesertim
710 2809 797 2863 quum
820 2790 856 2846 de
880 2789 1076 2863 recuperanda
1099 2809 1175 2846 com·

147 2885 226 2938 muni
252 2884 382 2938 libertate
403 2885 555 2939 consilium
581 2882 683 2940 initum
708 2880 859 2936 rideretur.
900 2880 1018 2940 Quibus
1040 2881 1174 2954 quoniam

147 2989 199 3044 pro
213 2973 318 3044 pietate
332 2973 512 3041 satisfecerit,
529 2973 633 3028 habere
648 2989 678 3026 se
693 2990 771 3026 nunc
786 2972 925 3028 rationem
941 2971 1027 3027 officii
1042 2990 1094 3044 pro
1107 2971 1174 3028 ben-

147 3061 238 3116 eficiis
260 3062 400 3128 casuum
424 3082 549 3132 monere,
571 3081 652 3119 orare
673 3062 819 3118 Titurium
843 3082 894 3136 pro
916 3062 1048 3135 hospitio,
1064 3074 1095 3117 ut
1115 3082 1172 3118 sure

148 3171 182 3204 ao
198 3153 317 3206 militurn
334 3153 415 3208 saluti
432 3143 581 3210 consulat:
603 3173 735 3229 magnam
753 3173 868 3208 manum
883 3153 1091 3208 Germanorum
1107 3171 1172 3208 oon-

147 3242 261 3296 ductam
285 3242 418 3298 Rhenum
441 3245 593 3312 transisse3
617 3245 691 3300 hanc
715 3245 800 3300 affore
823 3244 917 3299 biduo
960 3243 1089 3316 Ipsorum
1111 3261 1171 3298 esse

147 3332 309 3399 consilium,
334 3333 457 3390 velintne
480 3334 568 3408 priris,
596 3335 682 3408 qualrn
705 3335 817 3391 finitimi
840 3335 974 3401 sentiant,
999 3335 1118 3388 eductos
1137 3352 1171 3388 ex

146 3423 272 3478 hibernis
288 3424 391 3478 milites
407 3439 454 3480 aut
470 3426 502 3480 ad
519 3426 690 3482 Ciceronem
711 3437 759 3482 aut
781 3425 815 3480 ad
837 3425 996 3480 Labienum
1019 3424 1168 3493 deducere,

146 3533 265 3588 quorum
282 3513 351 3570 alter
366 3515 454 3570 millia
468 3534 601 3588 passuum
618 3516 732 3572 circiter
747 3516 781 3585 L,
798 3517 867 3571 alter
888 3514 975 3588 paulo
996 3513 1117 3588 amplius
1136 3515 1169 3570 ab

145 3606 190 3662 his
206 3605 285 3661 absit.
327 3604 402 3659 Illud
424 3625 454 3660 se
475 3605 614 3678 polliceri,
630 3616 658 3660 et
677 3606 863 3680 jurejurando
885 3605 1064 3673 confirmare,
1079 3615 1169 3660 tutum

101 3712 104 3716 ’
145 3697 198 3756 iter
212 3716 261 3770 per
277 3696 346 3751 lines
361 3715 427 3750 suos
442 3696 592 3763 daturum3
615 3696 688 3767 quod
712 3715 798 3769 quum
821 3696 916 3764 saciat,
933 3707 961 3750 et
982 3695 1088 3750 civitati
1110 3713 1169 3750 sese

145 3788 304 3858 consulere,
320 3786 397 3862 quod
412 3787 538 3844 hibernis
552 3787 670 3855 levetur,
683 3798 711 3842 et
725 3786 833 3857 Casari
847 3806 899 3860 pro
913 3786 974 3860 ejus
988 3786 1096 3842 meritis
1110 3804 1169 3860 gra·

144 3875 214 3940 tium
227 3879 350 3934 referre!
394 3879 459 3934 Hac
474 3878 602 3934 oratione
618 3876 724 3944 habital,
739 3877 862 3932 discedit
876 3876 1027 3932 Ambiorix
