2566 4270
120 275 166 350 q
455 269 504 320 on
524 267 642 320 senno
664 267 825 321 clearco
957 267 1037 334 [cn.
1053 269 1166 322 41-43.

123 427 301 477 veterascere
315 412 553 474 consuetudinem
571 413 681 472 nolint:
702 413 792 472 licere
811 412 869 470 illis
889 411 1087 470 incolumibus
1107 431 1164 487 per

124 528 156 568 sc
176 527 212 566 ex
233 507 360 566 hibernis
379 507 539 577 discedere,
554 516 593 576 et,
608 523 805 579 quascumque
815 505 850 592 jn
863 514 961 579 partes
979 503 1080 573 velint,
1095 503 1164 562 sine

124 611 203 658 metu
216 598 379 675 proficisci!
421 597 528 656 Cicero
543 596 578 654 ad
592 597 655 654 baec
668 613 759 652 unum
777 594 863 652 modo
882 595 1047 670 respondit:
1068 594 1119 652 ‘N
1121 615 1163 652 on

125 709 188 750 esse
212 689 451 748 consuetudinem
471 689 571 764 populi
595 687 722 744 Romani
744 687 833 744 ullam
865 687 997 761 accipere
1019 687 1054 742 ab
1075 686 1163 744 hoste

126 793 235 840 armato
249 781 463 839 conditionem:
484 780 509 838 si
531 779 566 836 ab
588 777 674 836 armis
695 777 844 834 discedere
864 777 963 848 velint,
978 796 1009 834 se
1028 777 1164 852 adjutore

126 883 253 943 utantur,
276 873 443 949 legatosque
471 870 506 928 ad
535 869 681 928 Caesarem
709 870 843 926 mittant:
873 887 989 944 sperare
1013 887 1067 945 pro
1096 869 1164 944 ejus

123 963 246 1040 justitiet,
261 983 324 1037 quae
342 962 486 1039 petierint,
501 961 719 1035 impetraturos!

133 1103 140 1112 .
166 1053 262 1112 XLII.
291 1054 339 1110 Ab
354 1054 409 1112 hac
422 1071 473 1129 spe
493 1051 600 1127 repulsi
620 1051 732 1122 Nervii,
746 1050 822 1108 vallo
840 1049 948 1125 pedum
967 1049 1014 1108 XI
1032 1059 1061 1108 et
1082 1049 1165 1107 fossa

126 1143 233 1219 pedum
260 1143 318 1200 XV
346 1144 467 1202 hiberna
491 1144 620 1220 cingunt.
662 1141 737 1198 Haec
763 1151 792 1198 et
816 1141 995 1214 superiorum
1017 1159 1164 1198 annorum

128 1228 336 1292 consuetudine
359 1253 376 1291 a
398 1234 503 1292 nostris
527 1242 730 1309 cognoverant,
755 1241 794 1302 et,
808 1231 946 1305 quosdam
971 1230 1008 1288 de
1029 1231 1164 1288 exercitu

127 1323 205 1382 nacti
230 1324 366 1398 captivos,
388 1324 423 1382 ab
447 1324 491 1380 his
515 1323 712 1380 docebantur:
733 1322 794 1392 sed,
816 1321 897 1380 nullia
921 1321 1164 1380 ferramentorum

128 1415 223 1488 cupid,
238 1433 301 1488 quae
315 1426 382 1470 sunt
396 1414 431 1470 ad
447 1414 523 1470 hunc
538 1432 621 1470 usum
635 1413 749 1484 idonea,
764 1411 868 1489 gladiis
881 1412 1020 1488 cespitem
1032 1411 1164 1470 circum·

128 1505 236 1574 cidere,
251 1506 383 1562 manibus
397 1505 560 1580 sagulisque
574 1495 679 1562 terram
693 1503 844 1562 exhaurire
860 1503 1046 1578 cogebantur.
1087 1502 1164 1564 Qua

129 1595 244 1672 quidem
259 1615 294 1652 ex
308 1613 339 1652 re
354 1595 500 1652 hominum
515 1594 668 1652 multitudo
682 1593 820 1671 cognosci
840 1594 952 1668 potuit:
973 1611 1041 1650 narn
1062 1593 1162 1650 minias
1252 1589 1253 1592 ’

129 1686 207 1759 liaris
230 1687 321 1744 tribus
343 1686 464 1744 millium
487 1685 516 1742 X
539 1685 569 1744 in
594 1686 720 1744 circuitu
744 1684 1163 1760 munitionem'perfecernntr

128 1779 302 1852 reliquisque
317 1777 418 1848 diebus
432 1789 524 1834 turres
539 1776 574 1832 ad
589 1777 768 1834 altitudinem
787 1775 864 1846 valli,
880 1775 968 1834 falces
988 1775 1164 1834 testudines-

130 1887 195 1944 que,
210 1889 281 1942 quaa
295 1869 381 1926 iidem
395 1867 501 1944 captivi
515 1867 682 1939 docuerant,
696 1885 796 1943 parare
811 1886 845 1924 ac
860 1866 954 1924 lacere
969 1878 1126 1942 caeperunt.

170 1957 280 2016 XLlll.
309 1960 439 2032 Septimo
462 1959 683 2035 oppugnationis
710 1959 767 2029 die,
792 1958 916 2014 maximo
937 1968 1036 2014 coorto
1064 1969 1162 2029 vent0,

131 2047 271 2106 ferventes
286 2049 361 2106 fus-ili
375 2068 410 2108 ex
426 2050 525 2126 argilla
539 2049 659 2126 glandes
680 2049 775 2108 fundis
795 2061 823 2106 et
845 2048 1000 2106 fervefacta
1016 2048 1115 2124 jacula
1129 2050 1162 2106 in

131 2157 222 2208 casas,
237 2158 300 2212 quae
325 2158 402 2196 more
422 2141 537 2198 Gallico
556 2141 719 2200 stramentis
741 2151 821 2198 erant
842 2151 937 2210 tectae,
949 2140 1046 2214 jacere
1067 2159 1163 2215 crepe·

130 2241 205 2288 runt.
225 2239 228 2243 “
248 2229 302 2286 He
317 2230 447 2288 celeriter
463 2231 558 2306 ignem
573 2231 861 2306 comprehenderunt,
876 2241 905 2288 et
924 2231 1001 2288 venti
1017 2231 1163 2306 magnitu-

131 2319 198 2376 diue
213 2319 242 2376 in
255 2339 369 2378 omnem
385 2333 542 2378 castrorum
562 2322 658 2380 locum
680 2322 859 2380 distulerunt.
902 2321 1019 2392 Hostes,
1033 2321 1160 2378 maximo

131 2411 257 2482 clamore
285 2412 418 2484 insecuti,
446 2413 528 2486 quasi
554 2414 635 2489 parti
657 2413 716 2488 jam
745 2424 830 2487 atque
856 2411 1001 2488 explorata
1028 2411 1160 2484 victoria,

129 2512 222 2560 turres
236 2504 450 2578 testudinesque
465 2522 550 2580 agere
564 2515 592 2562 et
606 2504 691 2562 scalis
705 2503 809 2560 vallum
825 2503 981 2560 ascendere
1001 2513 1157 2578 coeperunt.

129 2594 170 2664 nt
184 2607 263 2654 tanta
277 2595 399 2654 militurn
414 2595 502 2652 virtus
517 2605 602 2672 atque
616 2613 651 2654 ea
663 2594 816 2670 presentia
830 2594 918 2650 animi
934 2594 997 2664 fuit,
1012 2605 1054 2664 ut,
1069 2613 1156 2668 quum

129 2687 256 2761 undique
282 2687 396 2746 flammis
420 2697 604 2757 torrerentur,
626 2685 809 2759 maximaque
829 2686 952 2742 telorum
976 2685 1158 2742 multitudine

128 2791 335 2850 premerentur,
349 2797 457 2854 suaque
470 2777 568 2835 omnia
582 2777 786 2850 impedimenta
804 2787 888 2850 atque
908 2795 1008 2834 omnes
1029 2777 1158 2834 fortunas

130 2865 306 2942 conflagrare
321 2867 522 2942 intelligerent,
538 2887 595 2924 non
610 2866 695 2924 modo
718 2867 897 2943 demigrandi
919 2867 1007 2924 causa
1027 2867 1064 2924 de
1084 2867 1158 2924 vallo

129 2955 283 3012 decederet
296 2975 390 3026 nenio,
406 2957 455 3014 sed
469 2976 553 3032 paene
567 2977 604 3015 ne
622 2957 777 3032 respiceret
798 2958 914 3033 quidem
934 2947 1101 3032 quisquam3
1123 2977 1158 3014 ac

128 3055 189 3114 turn
204 3065 304 3103 omnes
327 3045 465 3104 acerrime
488 3047 697 3122 fortissimeque
718 3061 888 3125 pugnarent.
930 3049 990 3106 Hic
1011 3050 1073 3106 dies
1093 3069 1157 3106 nos-

128 3136 180 3205 tris
195 3135 279 3212 longe
301 3137 483 3214 gravissimus
505 3140 574 3209 suit;
597 3139 647 3196 sed
669 3151 764 3196 tamen
787 3141 864 3196 huno
888 3139 989 3197 habuit
1011 3151 1155 3211 eventum,

128 3237 160 3284 ut
174 3245 209 3282 eo
223 3227 270 3284 die
285 3228 423 3284 maximus
439 3229 561 3288 hostiurn
582 3249 718 3287 numerus
742 3231 937 3288 vulneraretur
963 3242 1047 3305 atque
1071 3232 1156 3288 inter-

129 3317 272 3388 ficeretur,
300 3329 331 3374 ut
359 3337 389 3375 se
416 3320 469 3376 sub
498 3321 559 3394 ipso
586 3323 660 3378 vallo
688 3323 927 3398 constipaverant,
956 3341 1156 3396 recessumque

128 3408 227 3481 primis
243 3408 332 3464 ultimi
348 3428 405 3466 non
420 3411 533 3468 dabant.
576 3412 696 3470 Paulam
712 3413 828 3488 quidem
849 3413 1011 3470 intermissa
1030 3413 1155 3484 flamma,

117 3505 157 3555 'et
172 3499 293 3572 quodam
309 3499 374 3556 loco
394 3502 464 3558 turri
487 3503 587 3558 adacta
612 3516 640 3560 et
665 3505 851 3580 contingente
875 3505 991 3574 vallum,
1006 3505 1095 3562 tertie
1111 3523 1157 3560 co-

128 3589 217 3648 hortis
232 3591 415 3649 centuriones
429 3613 464 3650 ex
479 3613 522 3662 eo,
538 3613 595 3667 quo
609 3595 730 3664 stabant,
746 3597 811 3652 loco
826 3606 1018 3665 recesserunt,
1033 3613 1155 3669 suosque

127 3699 227 3754 omnes
241 3695 439 3752 removerunt3
461 3696 531 3740 nutu
547 3685 722 3758 vocibusque
739 3687 844 3752 hostes,
869 3687 892 3742 si
908 3687 1027 3744 introire
1042 3687 1155 3759 vellent,

127 3789 230 3829 vocare
245 3785 403 3848 creperum,
418 3794 538 3848 quorum
559 3777 693 3849 progredi
715 3797 800 3834 ausus
823 3789 866 3834 est
885 3797 980 3836 nemo.
1022 3777 1100 3836 Tum
1121 3795 1155 3838 ex

83 3930 85 3936 y
129 3861 207 3915 omni
220 3875 300 3934 parte
314 3864 455 3938 lapidibus
470 3864 608 3938 conjectis
622 3864 773 3936 deturbati,
788 3867 932 3942 turrisque
946 3887 1089 3928 succensa
1103 3878 1146 3926 est
