2566 4270
129 319 196 369 cn.
212 319 316 382 mam
498 317 605 368 nisan
627 318 793 379 aurnuns.
1117 323 1161 388 η

168 461 278 520 xulv.
306 460 396 522 Erant
415 462 445 522 in
465 463 501 521 ab
521 463 636 541 legione
657 463 803 522 fortissimi
824 463 876 522 viri
900 465 1094 539 centuriones,
1108 469 1158 545 qui

124 556 184 632 jam
198 554 298 630 primis
311 554 460 611 ordinibus
481 555 749 630 appropinquarent,
764 555 802 613 T.
817 555 911 613 Pultio
924 568 955 613 et
967 556 999 614 L.
1015 557 1156 618 Varenus.

129 645 170 703 Hi
193 658 344 722 perpetuas
369 647 442 702 inter
464 664 495 703 se
519 647 727 703 controversias
754 647 907 717 habebant,
935 647 1051 722 quinam
1080 662 1157 707 ante·

128 737 260 807 ferretur,
279 737 469 811 omnibusque
491 738 573 793 annis
594 736 630 794 de
650 737 716 794 loco
736 738 856 794 summis
877 739 1068 796 simultatibus
1089 759 1157 798 con·

127 830 291 888 tendebant.
334 830 379 886 Ex
393 829 428 885 iis
442 827 544 899 Pullio,
560 848 648 902 quum
670 828 809 886 acerrime
832 830 867 888 ad
891 831 1065 890 munitiones
1086 852 1157 910 pug-

127 934 253 992 naretur,
276 919 376 994 “quid
400 919 542 989 dubitas,''
565 919 668 992 inquit,
691 920 859 977 “Varenel
888 932 936 978 aut
954 939 1039 996 quern
1059 924 1156 980 locum

126 1011 280 1088 probandae
305 1010 417 1066 virtutis
440 1021 497 1066 tute
520 1011 654 1084 spectasl
676 1009 724 1066 hic
748 1010 819 1080 dies,
838 1010 887 1067 hic
911 1011 973 1068 dies
996 1012 1032 1069 de
1052 1014 1156 1070 nostris

127 1101 328 1158 controversiis
348 1100 518 1177 judicabit.''
561 1099 636 1158 Ilaec
660 1119 747 1176 quum
772 1101 901 1172 dixisset,
925 1101 1056 1178 procedit
1077 1114 1157 1161 exua

126 1193 311 1262 munitionen,
326 1211 445 1266 quaeque
459 1211 525 1267 pars
539 1192 662 1248 hostiurn
678 1191 889 1250 confertissima
907 1193 967 1250 visa
978 1183 1032 1262 est,
1047 1194 1077 1250 in
1092 1211 1156 1251 earn

126 1283 266 1358 irrumpit.
308 1282 356 1340 Ne
379 1283 512 1340 Varenus
536 1283 653 1356 quidem
675 1293 737 1339 turn
764 1283 839 1340 vallo
861 1301 924 1340 sese
944 1283 1083 1354 continet,
1104 1283 1155 1340 sed

124 1375 255 1431 omnium
270 1367 375 1432 veritus
397 1373 638 1431 existimationem
660 1373 852 1447 subsequitur.
894 1371 1038 1431 Mediocri
1062 1374 1155 1448 spatio

125 1466 237 1536 relicto,
252 1465 345 1522 Pullio
358 1465 446 1539 pilum
468 1465 497 1522 in
520 1465 615 1522 hostes
638 1464 735 1535 mittit,
751 1475 836 1539 atque
857 1483 947 1521 unum
971 1483 1007 1521 ex
1027 1465 1155 1522 multitu·

125 1557 193 1613 dine
206 1568 420 1632 procurrentem
440 1555 590 1632 transjicit,
605 1575 662 1630 quo
681 1574 818 1630 percusso
838 1566 867 1612 et
887 1555 1059 1625 exanimato,
1075 1555 1154 1613 hunc

125 1647 215 1705 scutis
228 1659 380 1724 protegunt
394 1648 499 1718 hostes,
514 1648 544 1704 in
559 1648 639 1704 illurn
653 1646 711 1704 tela
724 1646 852 1703 universi
874 1645 1044 1722 conjiciunt,
1059 1665 1153 1720 neque

125 1740 194 1796 dant
209 1739 388 1816 regrediendi
407 1740 582 1796 facultatem.
623 1737 817 1812 Transfigitur
840 1747 954 1792 scutum
976 1735 1110 1805 Pulfioni,
1125 1745 1154 1794 et

125 1841 256 1888 verutum
280 1831 309 1888 in
334 1830 429 1886 balteo
452 1829 593 1906 deligitur.
636 1827 750 1884 Avertit
777 1827 825 1884 hic
853 1844 937 1882 casus
960 1825 1104 1902 vaginam,
1125 1835 1154 1884 et

124 1923 251 2000 gladium
266 1922 389 1980 educere
405 1920 519 1978 conanti
540 1920 668 1976 dextram
683 1928 809 1974 moratur
830 1935 962 1972 manum:
984 1915 1153 1991 impeditum

124 2014 220 2084 hostes
234 2013 456 2072 circumsistunt.
499 2009 651 2068 Succurrit
666 2008 799 2066 inimicus
814 2007 854 2064 illi
869 2007 1011 2077 Varenus,
1033 2018 1061 2064 et
1075 2007 1153 2065 labo·

124 2106 199 2162 ranti
214 2105 353 2162 subvenit.
396 2104 442 2160 Ad
457 2103 534 2159 hunc
549 2121 579 2159 se
594 2099 745 2158 confestim
766 2119 782 2156 a
802 2098 932 2156 Pulfione
951 2097 1044 2154 omnis
1058 2097 1152 2156 multi·

124 2197 194 2254 tudo
208 2196 365 2265 convertit;
389 2195 468 2252 illurn
482 2204 583 2252 veruto
602 2191 769 2250 transfixum
785 2191 965 2248 arbitrantur.
1007 2187 1152 2246 Occursat

124 2287 206 2346 ocibs
219 2289 324 2365 gladio,
340 2287 527 2360 cominusque
547 2303 607 2342 rcrn
630 2283 704 2360 gerit
722 2283 866 2352 Varenus,
883 2292 978 2355 atque,
992 2299 1052 2338 uno
1066 2280 1152 2338 inter·

126 2381 209 2450 lecto,
225 2381 349 2454 reliquos
363 2375 481 2453 paulum
495 2374 643 2451 propellit:
665 2373 734 2428 dum
749 2371 882 2447 cupidius
897 2372 993 2441 instat,
1008 2371 1038 2428 in
1054 2371 1152 2430 locum

124 2473 253 2548 dejectus
280 2469 445 2526 inferiorem
473 2465 610 2522 concidit.
652 2463 733 2518 Huic
759 2481 857 2519 rursus
879 2461 1076 2518 circumvento
1098 2462 1152 2520 lert

123 2563 284 2622 subsidium
305 2559 408 2627 Pullio,
434 2567 518 2629 atque
541 2555 625 2610 ambo
646 2552 814 2622 incolumes,
843 2550 1039 2624 compluribus
1066 2551 1153 2608 inter·

125 2655 219 2722 sectis,
234 2650 345 2708 summa
362 2665 428 2704 curn
443 2645 528 2702 laude
542 2661 605 2699 sese
619 2642 694 2698 intra
713 2642 887 2698 munitiones
908 2638 1059 2713 recipiunt.
1101 2641 1153 2698 Sic
1254 2705 1258 2712 Ι

126 2747 241 2803 lortuna
254 2741 284 2796 in
299 2736 484 2796 contentione
498 2746 526 2792 et
540 2733 698 2791 certamine
718 2743 871 2805 utrumque
890 2729 1021 2801 versavit,
1036 2740 1067 2787 ut
1082 2730 1153 2788 alter

126 2833 207 2892 alteri
223 2831 357 2890 inimicus
372 2827 478 2887 auxilio
498 2825 640 2900 salutique
661 2835 745 2894 esset,
760 2841 854 2897 neque
876 2819 1027 2898 dijudicari
1044 2832 1150 2898 posset,

126 2937 189 2984 uter
203 2925 258 2982 utri
273 2923 376 2981 virtute
391 2919 590 2978 anteferendus
604 2917 756 2974 videretur.

164 3015 252 3075 XLV.
279 3015 400 3078 Quanto
425 3023 486 3071 erat
508 3012 537 3069 in
562 3011 624 3067 dies
648 3008 760 3086 gravior
783 3017 867 3082 atque
892 3005 1016 3082 asperior
1043 3025 1151 3084 oppug-

124 3110 212 3182 natio,
227 3121 255 3167 et
269 3105 392 3165 mraxime
408 3103 494 3181 quod,
510 3102 615 3180 magnai
629 3110 710 3176 parte
729 3097 853 3156 militum
875 3097 1008 3154 confecta
1028 3098 1151 3156 vulneri·

123 3203 186 3273 bus,
201 3221 247 3259 res
268 3200 302 3257 ad
316 3197 492 3275 paucitatem
507 3195 689 3251 defensorum
702 3199 881 3269 pervenerat,
896 3199 977 3246 tanto
991 3188 1150 3246 crebriores

122 3294 213 3353 literae
227 3291 384 3366 nunciique
400 3288 435 3344 ad
449 3287 595 3344 Coesarem
608 3284 812 3342 mittebantur:
834 3299 954 3355 quorum
972 3297 1038 3354 pars
1052 3279 1151 3354 depre-

123 3385 214 3441 hensa
228 3383 257 3439 in
272 3390 428 3456 conspectu
442 3388 604 3435 nostrorum
618 3375 742 3432 militurn
756 3391 821 3430 cum
838 3371 968 3429 cruciatu
982 3371 1148 3427 necabatur.

124 3475 195 3533 Erat
209 3491 284 3530 unus
298 3472 375 3529 intus
396 3469 532 3539 Nervius,
548 3467 664 3525 nomine
683 3464 813 3534 Vertico,
828 3463 894 3520 loco
913 3473 997 3519 natus
1018 3461 1148 3528 honesto,
1162 3535 1169 3550 ι
1194 3542 1197 3552 .

125 3567 174 3642 qui
196 3585 212 3622 a
231 3563 323 3640 prima
344 3561 494 3620 obsidione
516 3559 551 3616 ad
574 3559 746 3616 Ciceronem
768 3555 942 3632 perfugerat,
963 3565 1101 3624 suamque
1121 3549 1148 3605 ei

124 3659 209 3716 fidem
223 3655 400 3732 prestiterat.
443 3651 502 3709 Hic
516 3671 597 3709 servo
610 3669 660 3725 spe
670 3648 810 3706 libertatis
820 3645 988 3721 magnisque
997 3639 1150 3720 persuadet

124 3750 259 3826 praemiis,
282 3758 314 3804 ut
337 3746 434 3803 literas
458 3744 493 3800 ad
515 3743 660 3800 Caesarem
684 3740 801 3798 deferat.
843 3736 906 3794 Has
928 3734 977 3790 ille
998 3731 1028 3832 in
1052 3728 1150 3804 jaculo

125 3843 247 3920 illigatas
261 3839 352 3910 effert,
367 3847 395 3895 et
408 3835 509 3893 Gallus
528 3835 602 3893 inter
621 3833 721 3891 Gallos
740 3830 803 3888 sinc
825 3827 884 3884 ullt
906 3820 1070 3896 suspicione
1089 3837 1150 3878 var*

439 3927 459 3984 g
470 3926 487 3962 s
