2578 4270
85 287 121 341 l0
410 289 457 336 DE
480 289 597 338 BELLO
621 287 779 338 GALLlCO
916 288 994 352 [Cae.
1012 289 1113 337 12-14.

83 445 186 486 norum
202 428 231 486 in
245 428 422 488 Rhodanum
438 431 532 488 influit
546 431 710 488 incredibili
723 430 851 500 lenitate,
867 430 907 486 ita
920 440 952 486 ut
966 430 1068 502 oculis,
1083 430 1114 487 in

84 531 177 577 utram
191 531 301 596 partem
316 522 395 592 fluat,
409 522 533 598 judicari
551 543 609 578 non
623 523 720 598 possit.
763 521 798 577 Id
813 521 940 578 Helvetii
954 522 1063 578 ratibus
1079 541 1114 578 ac

83 609 336 688 lintribus‘junctis
350 615 516 670 transibant.
557 614 614 670 Ubi
628 633 678 688 per
693 614 884 688 exploratores
896 613 993 670 Caesar
1008 615 1113 671 certior

84 703 178 758 factus
191 715 235 760 est
248 713 305 760 tres
316 703 375 778 jam
390 705 538 779 copiarum
551 715 647 780 partes
668 704 817 760 Helvetios
841 704 871 760 id
893 703 1001 760 flumen
1022 715 1113 762 trans-

83 793 209 864 duxisse,
234 805 364 868 quartam
386 794 453 852 verb
476 807 586 870 partem
612 796 684 852 citra
705 795 813 852 flumen
833 795 949 851 Ararim
973 795 1112 869 reliquam

83 903 164 954 esse;
187 883 223 942 de
236 885 321 941 tertia
335 885 433 962 vigilia
448 905 515 942 cum
530 886 692 962 legionibus
710 871 801 942 tribus
815 904 832 942 e
846 887 947 942 castris
966 888 1112 962 profectus
1133 951 1137 961 ,-

84 975 120 1032 ad
134 994 198 1031 eam
211 987 322 1050 partem
335 977 475 1051 pervenit,
490 997 553 1050 quaa
574 977 703 1033 nondum
723 977 831 1034 flumen
852 977 1010 1036 transierat.
1053 979 1112 1036 Eos

83 1065 235 1140 impeditos
250 1077 278 1122 et
292 1067 472 1141 inopinantes
487 1085 647 1144 aggressus,
659 1087 794 1143 magnam
808 1087 906 1124 eorum
920 1079 1030 1144 partem
1045 1090 1113 1127 con·

83 1155 173 1214 cidit:
194 1157 298 1230 reliqui
319 1157 393 1233 fugae
418 1177 481 1214 sese
501 1159 683 1228 mandarunt,
700 1170 785 1232 atquc
808 1159 838 1215 in
861 1160 1005 1234 proximas
1027 1162 1111 1220 silvas

84 1247 263 1304 abdiderunt.
318 1247 347 1303 Is
373 1267 465 1323 pagus
492 1249 685 1323 appellabatur
712 1249 889 1326 Tigurinus:
924 1271 991 1308 nam
1018 1255 1111 1310 omnis

84 1337 184 1394 civitas
199 1337 334 1394 Helvetia
349 1339 377 1394 in
393 1350 513 1412 quatuor
527 1359 616 1415 pagos
631 1340 721 1396 divisa
741 1352 791 1398 est.
834 1341 894 1398 Hic
912 1361 1004 1419 pagus
1025 1364 1110 1417 unus,

84 1447 172 1502 quum
197 1428 283 1484 domo
307 1429 421 1500 exisset,
445 1441 557 1532 patrum
580 1421 741 1487 nostrorum
762 1433 901 1490 memorial
922 1433 1110 1493 L.'Cassium

84 1520 232 1576 consulem
255 1520 447 1592 interfecerat,
469 1532 497 1577 et
518 1522 579 1596 ejus
603 1523 710 1579 exercit
712 1543 760 1579 um
785 1525 962 1601 subjugum
985 1528 1109 1586 miserat.

83 1609 138 1706 Ita,
153 1610 212 1666 sive
227 1629 296 1666 casu
311 1612 370 1667 sive
389 1612 510 1669 consilio
531 1613 677 1670 deorum
671 1616 883 1688 immortalium,
899 1637 961 1691 quae
974 1638 1040 1693 pars
1054 1621 1111 1676 civ·

84 1680 161 1757 itatis
175 1701 288 1758 Helvet
269 1713 315 1758 rtae
331 1702 473 1778 insignem
489 1705 603 1760 calamit
592 1715 679 1760 tatem
696 1707 803 1780 populo
817 1707 952 1766 Romano
966 1711 1109 1782 intulerat,

85 1809 119 1848 ea
131 1792 266 1867 princeps
279 1812 378 1868 poenas
392 1795 534 1868 persolvit.
576 1778 668 1856 Quat
661 1815 691 1852 m
705 1815 737 1852 re
751 1796 848 1854 Caesar
862 1819 920 1855 non
936 1799 1027 1858 solirm
1041 1805 1111 1876 pub-

83 1882 165 1954 licas,
180 1883 230 1938 sed
245 1884 331 1940 etiam
344 1884 468 1959 privatas
483 1885 602 1960 injurias
622 1887 698 1943 ultus
719 1899 771 1957 cst,
787 1889 864 1962 quod
886 1891 946 1966 ejus
967 1893 1058 1950 soceri
1076 1894 1108 1952 L.

86 1973 197 2029 Pisonis
212 1993 305 2045 avum,
321 1975 353 2030 L.
369 1975 503 2032 Pisonem
518 1978 653 2053 legatum,
668 1977 805 2053 Tigurini
817 1981 918 2038 eodem
932 1985 1042 2058 proeli0,
1054 2005 1111 2059 quo

84 2062 228 2135 Cassium,
244 2064 454 2123 interfecerant.
530 2119 532 2123 .

123 2155 209 2212 Xlll.
238 2155 305 2211 Hoc
330 2157 432 2232 proelio
459 2159 545 2229 fact0,
573 2163 696 2236 reliquas
726 2165 824 2239 copias
852 2165 1050 2224 Helvetiorum
1080 2183 1110 2226 ut

85 2246 222 2320 consequi
242 2258 347 2322 posset,
368 2259 485 2322 pontem
506 2249 536 2306 in
561 2251 646 2308 Arari
670 2238 834 2312 faciendum
859 2269 950 2328 curat,
966 2271 1050 2332 atquc
1072 2261 1111 2316 itu

84 2339 242 2394 exercitum
263 2339 431 2396 transducit.
474 2340 600 2399 Ilclvetii
625 2346 774 2419 repentino
795 2347 856 2421 ejus
885 2349 1006 2405 adventu
1034 2371 1110 2407 cern-

84 2429 164 2499 moti,
180 2442 272 2504 quum*
292 2430 321 2486 id
343 2431 419 2504 quod
444 2431 498 2506 ipsi
522 2433 623 2492 diebus
646 2455 683 2492 xx
707 2438 855 2512 :egerrime
869 2441 1062 2512 confecerant,
1080 2456 1107 2498 rt

84 2519 190 2576 flumen
212 2523 375 2592 transirent,
399 2542 457 2578 uno
479 2523 558 2580 illum
580 2526 626 2583 die
648 2527 750 2586 fecisse
771 2529 973 2606 intelligerent,
1001 2534 1109 2608 legatos

85 2611 120 2666 ad
134 2631 200 2668 eum
214 2613 347 2670 mittunt:
370 2614 452 2690 cujus
466 2615 617 2691 legationis
631 2619 736 2676 Divico
748 2621 886 2696 princeps
898 2623 960 2694 fuit,
973 2626 1020 2698 qui
1035 2626 1110 2681 bellu

84 2701 224 2760 Cassiano
247 2705 304 2759 dux
328 2705 526 2762 Helvetiorum
550 2709 640 2764 fuerat
690 2711 719 2766 Is
742 2713 781 2768 ita
805 2733 871 2769 cum
896 2715 1010 2773 Caesare
1032 2718 1107 2790 agit:

84 2791 134 2846 ‘si
149 2811 251 2865 pacem
265 2795 386 2868 populus
397 2795 549 2858 Romanus
564 2817 630 2851 curn
642 2798 783 2855 Helvetiis
798 2803 915 2871 faceret,
927 2806 956 2859 in
971 2827 1033 2862 cam
1048 2827 1109 2880 pr·-

84 2893 141 2939 tem
157 2883 255 2952 ituros,
272 2893 355 2955 atque
371 2883 409 2938 ibi
433 2885 542 2939 futuros
563 2887 720 2957 llelrctios,
736 2889 785 2945 ubi
807 2909 856 2946 cos
877 2893 974 2950 Caesar
995 2901 1109 2955 cunstit-

85 2974 183 3044 uissct,
209 2984 293 3046 atquc
318 2992 380 3030 csse
403 2974 556 3030 voluisset:
586 2976 630 3031 sin
655 2977 730 3034 bello
750 2983 882 3055 persequi
907 3005 1108 3058 perseveraret,

84 3065 314 3121 reminisceretur
330 3075 357 3120 ct
372 3065 474 3120 veteris
490 3065 663 3122 inconnncrli
678 3071 775 3143 populi
790 3071 926 3146 Romani,
942 3089 969 3133 et
983 3079 1108 3152 pristina:

85 3157 196 3212 uirtutis
224 3156 430 3212 Helvetiorum.
472 3156 563 3217 Quod
585 3159 736 3233 improviso
759 3182 848 3219 unum
868 3185 974 3240 pagum
996 3171 1110 3227 adortus

85 3259 168 3317 essct,
184 3267 271 3320 quum
287 3246 316 3316 ii,
333 3247 380 3319 qui
395 3246 502 3303 flumen
524 3249 701 3322 transissent,
716 3253 775 3310 suis
798 3257 933 3314 auxilium
959 3259 1031 3318 ferre
1052 3283 1078 3318 nr
1103 3287 1107 3316 z

84 3350 209 3412 possunt,
224 3357 261 3393 ne
276 3338 312 3392 ob
332 3356 394 3392 eam
416 3357 476 3394 rein
499 3350 546 3395 aut
567 3360 625 3396 sure
649 3361 821 3419 magnopere
845 3348 941 3406 virtuti
963 3353 1108 3426 tribueret,

86 3440 134 3484 aut
149 3429 224 3502 ipsos
239 3428 413 3502 despiceret:
436 3449 466 3486 se
481 3429 520 3486 ita
542 3449 558 3485 a
576 3433 705 3505 patribus
725 3437 936 3513 majoribusque
960 3443 1018 3499 suis
1040 3445 1111 3500 dirli-

85 3519 169 3590 cisse,
191 3531 223 3576 ut
246 3519 338 3594 magis
360 3519 447 3575 virtut
449 3539 575 3594 equam
597 3521 663 3580 dolo
685 3529 900 3602 contenderent,
927 3544 974 3590 aut
964 3529 1110 3592 tinsidiir

85 3611 252 3668 niterentur
293 3610 394 3671 Quare
418 3629 455 3667 ne
479 3612 678 3685 committeret,
694 3629 725 3673 ut
746 3619 769 3673 is
790 3619 880 3690 locus,
895 3625 945 3680 ubi
970 3628 1111 3683 constiti..-

85 3713 159 3772 sent,
184 3709 219 3758 ex
240 3701 355 3758 calamit
344 3712 401 3758 tate
421 3702 520 3776 populi
544 3702 671 3762 Romani
696 3719 724 3764 et
749 3709 944 3770 internecione.
969 3719 1110 3776 exercit

85 3811 191 3850 nomen
206 3803 330 3867 caperet,
347 3803 394 3849 aut
408 3793 575 3850 memoriam
590 3797 730 3870 proderet
734 3802 740 3826 '

88 3871 97 3910 ²
125 3883 208 3940 XIV.
236 3883 293 3939 His
313 3885 410 3940 Caesar
433 3885 472 3940 ita
486 3888 650 3961 respoudit:
673 3891 735 3945 ‘Eo
749 3893 801 3947 sibi
818 3897 912 3949 minus
927 3897 1111 3959 ‹lrrlritariunis
