2578 4270
117 315 204 362 uas.
220 315 333 378 art-san
506 314 614 364 Lissa
634 314 796 366 nannius.
1124 321 1165 380 ω

116 457 237 532 paucis
263 455 329 514 ante
353 455 434 514 annis
457 456 491 514 L,
519 457 653 514 Valerius
674 455 861 515 Preconinus
887 458 1008 535 legatus,
1035 459 1163 522 exercitu

118 548 228 617 pulso,
244 549 411 605 interfectus
431 558 515 618 esset,
531 559 615 622 atque
636 549 712 606 unde
733 549 766 606 L.
782 548 921 606 Manilius
934 553 1097 624 proconsul,
1113 553 1164 609 im-

119 641 309 714 pedimentis
324 642 443 710 arnissis,
457 641 639 717 profugisset,
654 661 713 697 non
728 643 901 698 mediocrem
916 643 970 698 sibi
984 643 1163 720 diligentiam

124 731 330 808 adhibendam
351 731 536 807 intelligebat.
578 731 688 806 Itaque,
703 751 735 789 re
755 731 946 790 frumentaria*
960 735 1082 807 provisa,
1098 753 1163 790 aux·

125 822 194 878 iliis
222 823 407 896 equitatuque
439 832 612 896 comparato,
640 823 737 880 multis
770 836 907 898 praeterea
941 814 1009 880 viris
1043 825 1163 882 fortibus

125 911 257 982 Tolosd,
273 913 437 969 Carcasone
451 923 480 970 et
493 912 642 983 Narbone,
656 933 719 987 quae
743 925 810 970 sunt
831 915 960 971 civltates
980 915 1081 970 Galliae
1100 934 1164 989 pro·

126 1003 249 1073 vinciae,
261 1004 388 1060 finitimae
400 1003 444 1060 his
454 1004 630 1080 regionibus,
641 1004 809 1060 nominatim
821 1005 956 1075 evocatis,
968 1005 997 1062 in
1010 1005 1163 1062 Sotiatium

128 1093 209 1150 fines
229 1095 386 1151 exercitum
411 1095 576 1152 introduxit.
619 1095 710 1170 Cujus
738 1095 860 1152 adventu
881 1096 1007 1170 cognito,
1029 1097 1162 1166 Sotiates,

128 1185 250 1260 magnis
271 1185 361 1260 copiis
381 1186 490 1242 coactis
512 1185 707 1259 equitatuque,
722 1205 779 1260 quo
798 1186 953 1260 plurimum
977 1186 1118 1257 valebant,
1132 1187 1163 1243 in

130 1275 241 1332 itinere
256 1294 357 1351 agmen
375 1287 503 1332 nostrum
525 1276 625 1346 adorti,
639 1274 762 1350 primum
784 1286 915 1350 equestre
934 1276 1066 1350 proelium
1087 1295 1172 1350 corn·-¹

131 1367 293 1422 miserunt:
315 1366 428 1436 deinde,
443 1367 571 1440 equitatu
585 1386 638 1423 suo
650 1367 743 1442 pulso,
758 1377 843 1440 atque
863 1367 1079 1440 insequentibus
1098 1386 1163 1424 nos·

131 1458 199 1526 tris,
214 1455 308 1513 subitb
322 1457 467 1531 pedestres
481 1457 588 1531 copias,
603 1477 673 1530 quas
688 1457 717 1514 in
738 1457 868 1514 convalle
888 1475 923 1513 ex
945 1457 1056 1514 insidiis
1077 1458 1164 1514 collo·

132 1558 281 1617 caverant,
304 1547 497 1604 ostenderunt.
540 1547 591 1617 Hi,
615 1558 727 1604 nostros
754 1548 888 1623 disjectos
911 1548 1012 1619 adorti,
1030 1549 1164 1622 proelium

131 1649 353 1695 renovaverunt.

178 1729 262 1784 XXI.
290 1729 452 1804 Pugnatum
467 1738 509 1784 est
523 1725 573 1784 diu
589 1738 673 1800 atque
698 1728 809 1797 acriter,
825 1747 912 1800 quum
934 1728 1067 1797 Sotiates
1082 1747 1164 1803 supe·

134 1820 260 1878 rioribus
275 1819 402 1875 victoriis
416 1819 490 1888 freti,
505 1818 535 1874 in
554 1818 605 1873 sut
618 1819 729 1884 ¹virtute
749 1818 836 1874 totius
857 1818 1022 1890 Aquitaniae
1043 1819 1163 1876 salutem

135 1911 259 1985 positam
279 1921 429 1984 putarent;
452 1909 541 1966 nostri
563 1919 668 1978 autem,
683 1908 752 1983 quid
776 1909 839 1964 sine
860 1908 1030 1982 imperatore
1051 1919 1080 1966 et
1100 1910 1163 1966 sine

136 2001 255 2074 reliquis
278 2001 449 2076 legionibus,
476 2000 689 2056 adolescentulo
712 1999 796 2068 duce,
818 1999 932 2056 efficere
955 2011 1080 2073 possent,
1100 2019 1163 2074 per·

137 2093 211 2165 spici
225 2103 381 2166 cuperent:
403 2102 498 2148 tamen
514 2091 639 2148 consecti
655 2091 818 2147 vulneribus
839 2090 933 2146 hostes
947 2100 1028 2166 terga
1041 2091 1160 2148 vertere.

136 2184 272 2243 Quorum
287 2202 391 2258 magno
404 2201 524 2239 numero
538 2182 699 2251 interfecto,
714 2181 835 2238 Crassus
849 2200 883 2238 ex
904 2181 1006 2238 itinere
1026 2182 1162 2255 oppidum

139 2275 292 2330 Sotiatium
312 2293 477 2349 oppugnare
491 2274 585 2347 coepit.
626 2273 744 2334 Quibus
759 2253 867 2329 fortiter
881 2272 1088 2342 resistentibus,
1102 2271 1163 2328 vin·

139 2383 188 2422 eas
211 2377 358 2439 turresque
379 2366 446 2440 egit.
487 2364 544 2433 Illi,
570 2362 640 2420 alias
660 2364 809 2437 eruptione
828 2363 947 2432 tentata,
973 2361 1044 2418 alias
1063 2363 1163 2418 cunic-

139 2457 194 2513 ulis
216 2457 250 2512 ad
272 2475 404 2532 aggerem
424 2456 579 2526 vineasque
594 2454 674 2522 actis,
690 2452 785 2528 (cujus
799 2454 840 2508 rei
862 2463 928 2509 sunt
947 2450 1033 2528 longe
1053 2454 1164 2526 peritis·

138 2547 204 2604 simi
232 2532 382 2620 Aquitani,
406 2555 558 2618 propterea
580 2541 657 2615 qubd
681 2543 777 2598 multis
798 2543 870 2598 locis
894 2542 969 2614 apud
988 2559 1037 2597 eos
1057 2544 1163 2600 aerariae

139 2648 260 2694 secturae
275 2637 367 2711 sunt),
382 2634 431 2688 ubi
446 2631 596 2706 diligentia
616 2641 777 2688 nostrorum
797 2631 869 2687 nihil
893 2631 938 2686 his
959 2631 1045 2687 rebus
1064 2631 1164 2704 profici

138 2745 224 2801 posse
245 2725 455 2793 intellexerunt,
470 2723 578 2798 legatos
603 2722 637 2778 ad
659 2721 794 2778 Crassum
815 2721 941 2790 mittunt,
956 2739 1044 2794 seque
1067 2722 1097 2776 in
1117 2721 1165 2778 dev

140 2817 279 2872 ditionem
294 2825 325 2872 ut
346 2814 474 2889 recipiat,
487 2823 595 2888 petunt.
636 2813 707 2874 Qua
728 2831 759 2869 re
780 2812 938 2886 impetratd,
954 2830 1032 2868 arma
1052 2813 1164 2872 tradere

139 2908 220 2984 jussi,
236 2907 352 2963 faciunt.

180 2997 280 3055 XXII.
309 2999 404 3071 Atque
419 2997 448 3054 in
469 2996 503 3054 erl
524 3014 555 3052 re
575 2996 705 3053 omnium
726 3005 888 3052 nostrorum
913 2994 1029 3052 intentis
1051 2995 1162 3068 animis,

141 3090 196 3146 alit
211 3108 245 3146 ex
259 3100 339 3164 parte
353 3088 449 3163 oppidi
468 3088 709 3156 Adcantnannus‚
725 3087 773 3159 qui
794 3105 933 3143 summam
954 3086 1066 3159 imperii
1086 3097 1164 3144 tene·

140 3181 198 3250 bat,
213 3199 279 3236 cnm
293 3179 435 3237 sexcentis
456 3178 575 3247 devotis,
590 3196 662 3250 quos
682 3177 724 3233 illi
746 3177 894 3232 Soldurios
915 3177 1066 3251 appellant,
1082 3175 1165 3252 (quo-

141 3291 203 3328 rum
217 3272 279 3327 haec
293 3281 335 3327 est
349 3269 486 3338 conditio,
502 3267 543 3324 uti
558 3268 692 3324 omnibus
710 3267 740 3323 in
760 3267 818 3323 vitri
838 3267 997 3324 commodis
1016 3265 1075 3324 una
1097 3283 1164 3323 cum

141 3362 185 3418 his
208 3361 345 3430 fruantur,
369 3367 490 3433 quorum
512 3376 543 3414 se
568 3357 701 3414 amicitie
724 3357 897 3426 dediderint;
919 3357 942 3413 si
965 3357 1033 3430 quid
1058 3356 1093 3412 iis
1113 3373 1164 3430 per

142 3451 199 3508 vim
222 3451 344 3520 accidat,
360 3461 409 3506 aut
432 3448 556 3506 eundern
579 3467 678 3505 casum
699 3446 757 3504 una
780 3448 880 3518 lerant,
897 3457 944 3504 aut
966 3447 1020 3504 sibi
1044 3456 1164 3502 mortem

142 3541 343 3598 consciscant:
374 3558 468 3612 neque
503 3540 597 3595 adhuc
627 3539 775 3595 hominurn
802 3538 940 3594 memorii
967 3547 1095 3610 repertus
1121 3544 1165 3590 est

142 3632 301 3706 quisquam,
317 3630 375 3703 qui,
388 3649 423 3686 eo
437 3629 596 3700 interfecto,
612 3629 694 3704 cujus
708 3647 739 3685 se
756 3628 889 3684 amicitiae
910 3627 1077 3691 devovisset,
1092 3624 1164 3679 mori

142 3723 312 3799 recusaret),
328 3739 394 3778 curn
410 3721 445 3776 iis
466 3721 704 3789 AdcantuannuS‚
720 3719 897 3792 eruptionem
919 3716 1014 3772 lacere
1034 3723 1163 3783 conatus,

141 3814 266 3872 clamore
280 3814 315 3869 ab
329 3812 363 3870 erl
383 3822 464 3887 parte
484 3811 652 3868 munitionis
674 3810 795 3878 sublato,
810 3825 898 3880 quum
920 3805 955 3860 ad
970 3821 1047 3862 arma
1060 3803 1165 3860 milites

142 3904 364 3974 concurrissent,
385 3903 624 3976 vehementerque
646 3900 686 3957 ibi
705 3907 864 3974 pugnaturn
886 3903 971 3964 esset,
984 3892 1115 3970 repulsus
1135 3893 1163 3950 ia

414 3994 434 4050 5
445 3991 461 4025 0
