2578 4270
145 296 213 344 Gre.
229 295 342 358 35-37.]
523 295 630 344 LIBER
651 297 794 345 PRIMUS.
1134 297 1169 356 2]

146 448 322 512 gravaretur,
345 435 439 510 ueqire
465 439 501 494 de
528 440 674 494 communi
702 457 733 494 re
756 439 909 494 dicendum
931 438 984 494 sibi
1006 449 1034 494 et
1055 457 1174 512 cognos-

148 528 272 584 cendum
286 539 415 602 putaret;
437 529 499 586 haec
514 548 586 598 esse,
601 549 663 602 quae
684 530 718 584 ab
738 523 773 586 eo
792 529 967 603 postularet:
989 527 1122 602 primurn,
1138 547 1174 584 ne

148 637 235 690 quam
249 620 396 675 hominurn
410 620 622 675 multitudinem
635 620 755 693 amplius
769 632 846 676 trans
859 620 994 675 Rhenum
1007 623 1036 674 in
1051 620 1174 674 Galliam

144 709 362 766 transduceret:
384 710 488 766 deinde
502 711 625 780 obsides,
641 703 711 784 quos
727 712 843 766 haberet
859 712 893 766 ab
908 711 1022 780 AEduis,
1034 711 1173 780 redderet,

151 800 349 872 Sequanisque
369 801 555 873 permitteret,
570 812 610 870 ut,
626 821 696 873 quos
718 802 759 856 illi
780 802 926 870 haberent,
949 801 1092 872 voluntate
1115 801 1175 875 ejus

151 890 269 945 reddere
290 891 346 946 illis
367 891 484 958 liceret;
506 909 578 946 neve
599 891 710 948 AEduos
731 892 834 966 injuria
856 892 1018 960 lacesseret,
1039 909 1110 948 neve
1132 891 1175 946 lris

151 981 271 1036 sociisve
286 981 384 1036 eorum
400 981 505 1036 bellum
521 981 647 1037 inferret.
690 983 722 1037 Si
737 983 765 1039 id
787 983 826 1038 ita
848 983 971 1051 fecisset,
987 983 1040 1038 sibi
1061 983 1176 1055 populo·

151 1090 207 1145 que
229 1071 363 1126 Romano
376 1082 542 1145 perpetuam
557 1073 677 1147 gratiam
693 1083 777 1144 atque
794 1073 949 1128 amicitiam
964 1091 1029 1127 cum
1051 1090 1086 1126 eo
1105 1073 1176 1127 littu-

152 1181 227 1218 ram:
248 1162 273 1218 si
286 1181 344 1218 non
362 1162 535 1237 impetraret,
550 1181 621 1232 sese,
637 1164 781 1236 quoniam,
797 1161 837 1219 M.
854 1162 989 1232 Messala,
1009 1161 1050 1218 M.
1073 1162 1176 1218 Pisone
1200 1153 1205 1160 .

151 1254 244 1323 Coss,
267 1265 381 1310 senatus
402 1255 570 1324 censuisset,
592 1253 644 1324 uti,
659 1252 833 1328 quicumque
854 1254 976 1310 Galliam
1001 1255 1176 1329 provinciam

150 1345 302 1414 obtineret,
317 1345 395 1428 quod
413 1345 565 1410 commodo
585 1347 749 1420 reipublice
765 1346 860 1402 facere
874 1357 978 1420 posset,
995 1346 1105 1402 AEduos
1120 1361 1177 1402 cot·

150 1453 270 1507 erosque
292 1436 399 1492 amicos
419 1437 516 1511 populi
533 1436 659 1492 Romani
681 1436 855 1506 defenderet,
871 1456 932 1493 sese
954 1437 1114 1492 AEduorurn
1138 1439 1177 1492 in·

146 1525 238 1599 jurias
252 1544 309 1582 non
324 1527 539 1601 neglecturum!

192 1616 335 1673 XXXVI.
364 1617 412 1672 Ad
426 1617 490 1674 haec
504 1617 666 1673 Ariovistus
681 1617 842 1690 respondit:
865 1615 939 1671 ‘Jus
960 1635 1021 1672 esse
1042 1616 1119 1684 belli,
1135 1629 1175 1686 ut,

152 1707 200 1778 qui
216 1707 358 1774 vicissent,
374 1706 418 1774 iis,
434 1725 504 1778 quos
519 1707 663 1774 vicissent,
674 1706 917 1778 'quemadmodum
933 1707 1046 1774 vellent,
1059 1707 1176 1780 impera-

152 1807 231 1853 rent:
254 1797 322 1852 item
336 1796 473 1869 populum
488 1796 653 1850 Romanum
668 1797 751 1851 victis
766 1815 823 1850 nou
840 1795 873 1850 ad
896 1795 1011 1850 alterius
1032 1798 1177 1871 praescrip-

151 1897 221 1958 tum,
236 1887 285 1944 sed
302 1887 336 1943 ad
350 1906 433 1943 suum
450 1887 596 1942 arbitrium
621 1887 759 1960 imperare
778 1886 941 1950 consuesse.
984 1887 1014 1942 Si
1032 1887 1089 1960 ipse
1111 1906 1176 1962 pop-

151 1979 200 2055 ulo
215 1978 349 2035 Romano
363 1997 420 2035 non
431 1979 636 2052 praescriberet,
649 1977 886 2051 quemadmodum
899 1997 951 2032 suo
961 1977 1025 2052 jure
1041 1992 1175 2050 uteretur,

151 2089 209 2126 non
237 2082 367 2145 oportere
394 2089 456 2127 sese
484 2089 500 2126 a
527 2070 632 2144 populo
660 2069 794 2126 Romano
822 2069 850 2124 in
874 2089 926 2126 suo
949 2069 1013 2144 jure
1037 2071 1174 2144 impediri.

152 2161 264 2218 AEduos
285 2162 348 2232 sibi,
364 2162 497 2235 quoniam
520 2161 585 2218 belli
608 2161 749 2217 fortunam
772 2163 938 2229 tentassent,
954 2174 982 2216 et
1004 2162 1089 2234 annis
1110 2180 1176 2218 con-

152 2253 241 2327 gressi
267 2271 300 2308 ac
324 2253 448 2327 superati
470 2265 575 2323 essent,
590 2253 789 2327 stipendiarios
813 2272 874 2309 esse
898 2253 995 2308 factos.
1039 2251 1174 2327 Magnam

152 2343 296 2400 Caesarem
323 2344 455 2419 injuriam
484 2344 587 2414 facere,
616 2345 664 2416 qui
692 2363 744 2400 suo
779 2344 901 2414 adventu
937 2343 1086 2418 vectigalia
1120 2343 1175 2400 sibi

152 2434 293 2491 deteriora
320 2435 434 2492 faceret.
477 2435 581 2492 AEduis
608 2452 639 2490 se
666 2435 780 2502 obsides
808 2435 982 2490 redditurum
1012 2453 1068 2490 non
1103 2453 1174 2504 esse,

151 2544 245 2600 neque
259 2526 303 2596 iis,
318 2544 411 2599 neque
425 2544 523 2582 eorum
538 2525 624 2580 sociis
639 2525 741 2598 injuria
763 2525 867 2580 bellum
891 2525 1043 2592 illaturum,
1058 2526 1081 2582 si
1098 2527 1126 2582 in
1140 2545 1176 2582 eo

152 2628 310 2687 manerent,
335 2615 410 2689 quod
435 2616 625 2684 convenisset,
646 2615 874 2688 stipendiumque
897 2616 1049 2687 quotannis
1072 2616 1176 2688 pende·

152 2720 232 2766 rent:
256 2708 280 2764 si
303 2707 331 2763 id
353 2725 412 2762 non
436 2705 580 2774 fecissent,
605 2705 689 2780 longe
714 2706 748 2761 iis
773 2705 927 2761 fraternum
953 2723 1054 2761 nomen
1079 2707 1175 2780 populi

153 2797 278 2856 Romani
295 2797 465 2854 abluturum.
510 2797 600 2858 Quod
615 2797 669 2853 sibi
691 2797 788 2853 Caesar
809 2796 995 2852 denunciaret
1017 2815 1047 2852 se
1069 2797 1176 2854 AEdno·

152 2909 214 2945 rum
230 2890 346 2964 injurias
360 2910 418 2946 non
432 2889 647 2964 neglecturum3
670 2889 813 2945 neminem
838 2907 935 2944 secum
958 2889 1019 2944 sine
1041 2890 1092 2945 sua
1116 2909 1176 2964 per·

151 2981 228 3037 nieie
243 2982 430 3038 contendisse.
472 2981 572 3042 Quum
589 2981 681 3049 vellet,
694 2981 929 3056 congrederetur;
954 2981 1174 3051 intellecturum,

152 3072 219 3145 quid
235 3073 333 3128 invicti
346 3073 493 3141 Germani,
508 3071 736 3128 eriercitatissimi
758 3073 786 3127 in
809 3072 903 3142 armis,
919 3072 967 3144 qui
991 3072 1063 3127 inter
1086 3091 1175 3130 annos

151 3163 225 3218 XIV
239 3174 346 3220 tectum
360 3183 418 3220 non
432 3162 585 3230 subissent,
600 3163 703 3218 virtute
717 3173 839 3234 possent.

188 3254 348 3311 XXXVII.
377 3253 450 3309 Haec
465 3252 564 3307 eodem
585 3265 715 3326 tempore
734 3252 840 3308 Caesari
862 3253 995 3308 mandata
1016 3253 1177 3309 resereban-

150 3355 204 3414 tur,
219 3357 247 3400 et
261 3345 346 3420 legati
363 3346 397 3399 ab
413 3343 516 3400 AEduis
530 3354 558 3398 et
574 3362 589 3398 a
602 3343 731 3400 Treviris
741 3345 907 3401 veniebant:
931 3344 1019 3399 AEdni
1031 3356 1172 3417 questum,

150 3435 245 3509 ‘quod
260 3435 404 3503 Harudes,
420 3434 468 3507 qui
482 3453 572 3507 nuper
587 3434 616 3490 in
631 3432 763 3490 Galliam
774 3435 955 3508 transportati
977 3447 1080 3503 essent,
1103 3435 1173 3492 fines

150 3546 250 3584 eorum
274 3525 475 3599 popularentur
488 3523 586 3594 30‘sese
608 3513 650 3580 ne'
666 3526 813 3582 obsidibus
835 3525 949 3598 quidem
973 3526 1046 3582 datis
1072 3544 1172 3598 pacem

151 3617 287 3674 Ariovisti
315 3616 454 3672 redimere
475 3617 601 3690 potuisse
614 3619 639 3672 2’
661 3616 775 3672 Treviri
802 3629 906 3684 autem,
929 3624 1032 3691 ‘pagos
1056 3629 1173 3672 centum

149 3711 308 3766 Suevorum
324 3707 358 3762 ad
373 3708 447 3780 ripas
462 3708 558 3763 Rheni
574 3708 747 3775 consedisse,
771 3709 818 3780 qui
837 3707 972 3763 Rhenum
992 3705 1112 3762 transire
1127 3725 1174 3761 co·

148 3813 300 3867 narentnr3
323 3799 357 3856 iis
371 3817 491 3873 praeesse
506 3797 633 3855 Nasuam
655 3812 683 3855 et
703 3799 879 3854 Cimberium
897 3797 1013 3853 fratres)
1054 3795 1173 3857 Quibus

147 3894 232 3950 rebus
246 3891 343 3948 Caesar
358 3891 538 3949 vehementer
554 3901 723 3958 commotus,
738 3887 938 3945 maturandum
956 3887 1011 3944 sibi
1031 3888 1174 3946 existima-
