2578 4270
119 261 160 324 M
447 258 495 306 DI}
518 257 634 306 BELLO
658 257 819 307 GALLICO
953 257 1032 323 [Car.
1047 260 1157 310 art-25.

120 404 267 480 oppidum,
289 413 385 460 tamen
409 399 450 458 uti
475 401 577 458 eidem
604 400 760 458 deditionis
783 401 950 459 conditione
971 413 1111 473 uteretur,
1139 423 1157 462 a

121 495 226 552 Crasso
241 494 407 569 impetravit.

160 586 277 642 XXIII.
306 586 404 641 Armis
424 583 630 655 obsidibusque
653 583 789 656 acceptis,
804 582 926 638 Crassus
947 584 977 640 in
998 583 1070 640 fines
1093 583 1156 642 Vo-

120 677 228 733 catium
243 688 272 734 et
285 676 470 732 Tarusatium
486 673 631 748 proiectus
650 684 700 728 est.
742 672 821 728 Tum
847 673 914 730 verri
940 675 1050 730 barbari
1074 695 1155 732 conr·

121 769 201 837 moti,
216 768 293 842 quiid
313 767 459 841 oppidum,
474 775 503 821 et
523 765 626 820 natura
646 764 703 819 loci
724 774 753 820 et
774 783 860 820 mauu
882 767 1035 835 munitum,
1049 767 1154 840 paucis

121 858 232 928 diebus,
248 859 350 931 quibus
364 857 404 913 ed*
421 867 535 912 ventum
557 866 627 925 erat,
643 865 836 930 expugnatum
857 868 1060 930 cognoverant,
1074 858 1153 932 lega·

120 959 165 1005 tos
186 949 299 1022 quoqud
325 947 423 1004 vereris
444 947 597 1015 dimittere,
613 946 772 1020 conjurare,
787 947 901 1002 obsides
923 947 997 1002 inter
1018 965 1049 1002 se
1071 948 1150 1018 dare,

121 1041 219 1114 copias
245 1057 344 1113 parare
371 1047 527 1112 coeperunt.
583 1036 739 1093 Mittuntur
766 1038 853 1092 etiam
881 1037 915 1092 ad
943 1055 992 1093 eas
1018 1039 1151 1096 civitates

120 1131 217 1206 legati,
232 1149 295 1204 quae
310 1139 376 1184 sunt
390 1129 531 1184 citerioris
552 1127 711 1202 Hispaniae,
725 1127 854 1184 finitima·
875 1128 1058 1201 Aquitania:
1082 1129 1150 1185 inde

121 1221 227 1278 auxilia
249 1221 395 1292 ducesque
417 1230 608 1275 arcessuntur.
649 1217 784 1278 Quorum
807 1218 929 1274 adventu
951 1219 1056 1294 magnit
1081 1237 1150 1276 cum

121 1311 290 1367 auctoritate
304 1321 332 1365 et
346 1309 450 1384 magni
465 1327 532 1364 cum
547 1309 694 1364 hominurn
716 1309 900 1364 multitudine
920 1309 1026 1365 bellum
1047 1327 1150 1385 gerere

121 1413 269 1457 conantur.
311 1399 410 1456 Duces
424 1397 490 1454 vero
506 1399 527 1454 ii
540 1398 715 1474 delignrntur,
729 1399 779 1471 qui
800 1397 858 1454 und
879 1417 945 1455 curn
963 1399 1003 1460 Q.
1019 1401 1150 1456 Sertorio
1239 1404 1243 1412 '

120 1509 220 1547 omnes
235 1509 324 1547 annos
338 1490 459 1558 fuerant,
471 1507 668 1561 summamque
681 1489 831 1544 scientiam
844 1489 886 1545 rei
900 1490 1031 1546 militaris
1042 1491 1150 1548 habere

120 1582 363 1638 existimabantur.
406 1579 447 1636 Hi
462 1579 670 1635 consuetudine
684 1579 780 1653 populi
796 1578 923 1636 Romani
944 1580 1009 1636 loca
1032 1599 1147 1656 capere,

65 1703 72 1716 =
121 1685 214 1730 castra
241 1672 362 1740 munire,
390 1670 598 1726 commeatibus
625 1680 737 1726 nostros
764 1670 957 1726 intercludere
985 1671 1146 1730 instituunt

117 1761 210 1824 Quod
226 1763 273 1818 ubi
289 1762 409 1817 Crassus
425 1760 623 1816 animadvertit
636 1778 702 1830 suas
717 1760 815 1833 copias
828 1771 942 1834 propter
961 1763 1148 1836 exiguitatem

120 1871 178 1910 non
193 1852 278 1908 facile
293 1853 401 1922 diduci,
417 1853 527 1908 hostem
543 1862 571 1908 et
594 1851 691 1925 vagari
712 1862 741 1906 et
761 1851 822 1906 vias
842 1851 973 1908 obsidere
994 1862 1023 1908 et
1043 1855 1148 1910 castris

120 1943 188 1998 satis
202 1943 327 2016 praesidii
342 1944 512 2016 relinquere,
527 1942 564 1998 ob
578 1960 641 1997 eam
663 1959 778 1996 causam
799 1940 895 1998 minirs
915 1943 1065 1998 commode
1089 1944 1147 2000 fru-

120 2045 247 2088 mentum
262 2045 510 2106 commeatumque
521 2033 577 2088 sibi
592 2033 761 2106 supportari,
777 2032 806 2087 in
820 2032 882 2088 dies
903 2032 1026 2088 hostium
1047 2053 1147 2090 nume-

120 2141 184 2178 rum
200 2123 314 2197 augeri3
335 2141 393 2178 non
408 2123 601 2178 cunctandum
616 2123 796 2192 existimavit,
811 2124 880 2195 quin
901 2123 998 2197 pugni
1019 2123 1147 2181 decerta·

119 2224 170 2269 ret.
213 2213 279 2268 Hac
306 2231 337 2268 re
366 2213 399 2268 ad
428 2213 579 2268 consilium
606 2213 710 2282 delata,
733 2213 782 2268 ubi
810 2231 909 2269 omnes
937 2214 1012 2269 idem
1039 2216 1146 2272 sentire

120 2303 268 2371 intellexit,
282 2315 425 2378 posterum
442 2303 516 2358 diem
531 2322 634 2377 pugnae
649 2303 806 2359 constituit.

159 2379 272 2451 XXIV.
302 2394 398 2450 Prima
419 2393 494 2462 luce,
509 2394 656 2467 productis
669 2394 813 2467 ‘omnibus
834 2393 935 2468 copiis,
950 2393 1059 2468 duplici
1081 2396 1145 2452 acie

119 2484 258 2555 instituti,
275 2485 387 2542 auxiliis
401 2485 430 2541 in
450 2485 573 2541 mediam
595 2485 686 2540 aciem
708 2485 856 2558 conjectio,
872 2485 940 2558 quid
962 2466 1057 2542 hostes
1077 2505 1145 2542 con·

119 2576 175 2632 silii
198 2588 342 2651 caperent,
364 2576 554 2650 exspectabat.
596 2574 652 2644 Illi,
674 2575 726 2631 etsi
748 2583 861 2649 propter
884 2575 1094 2632 multitudinem
1116 2587 1145 2633 et

118 2679 242 2724 veterem
257 2667 323 2724 belli
338 2668 456 2742 gloriam
469 2666 702 2741 paucitatemque
716 2677 876 2721 nostrorum
898 2684 929 2722 se
949 2665 1011 2722 tuto
1027 2667 1145 2722 dimica·

118 2765 198 2812 turos
221 2758 430 2826 existimabant,
455 2768 551 2812 tamen
576 2756 665 2812 tutius
688 2773 750 2810 esse
779 2757 997 2825 arbitrabantur,
1021 2757 1145 2814 obsessis

118 2845 181 2914 viis,
197 2857 356 2902 commeatu
377 2846 541 2915 intercluso,
555 2846 618 2902 sine
632 2845 691 2900 ullo
711 2846 827 2902 vulnere
848 2847 967 2902 victoria
981 2847 1083 2920 potiri:
1105 2857 1143 2917 et,

119 2937 143 2993 si
157 2947 271 3010 propter
285 2935 410 3008 inopiam
424 2935 465 2992 rei
477 2935 667 2992 frumentariae
682 2935 809 2992 Romani
824 2955 886 2992 sese
901 2937 1029 3010 recipere
1044 2937 1146 3010 coepis·

119 3038 193 3096 sent,
218 3025 369 3099 impeditos
393 3025 422 3080 in
446 3025 559 3100 agmine
582 3037 611 3082 et
635 3027 688 3083 sub
710 3027 841 3096 sarcinis,
866 3027 1014 3084 inferiores
1038 3027 1143 3097 animo,

120 3117 224 3173 adoriri
238 3115 411 3190 cogitabant
452 3115 519 3172 Hoc
531 3118 654 3174 consilio
663 3118 783 3192 probato
799 3118 834 3173 ab
849 3117 981 3188 ducibus,
996 3117 1145 3191 productis

119 3207 317 3262 Romanorum
336 3205 438 3280 copiis,
453 3224 515 3263 sese
537 3207 638 3264 caenis
658 3209 802 3265 tenebant.
845 3207 911 3264 Hac
932 3227 962 3264 re
983 3209 1144 3281 perspecti,

119 3296 251 3364 Crassus,
266 3315 353 3368 quum
367 3297 419 3352 sud
435 3299 619 3355 cunctatione
634 3310 719 3372 atque
731 3299 867 3372 opinione
878 3298 1035 3354 timidiores
1050 3297 1145 3354 hostes

119 3398 230 3442 nostros
246 3386 349 3441 milites
364 3387 516 3444 alacriores
531 3387 566 3442 ad
586 3388 772 3463 pugnandum
793 3389 965 3456 effecissent,
982 3399 1066 3461 atque
1086 3407 1146 3444 om·

118 3457 197 3532 niuin
214 3493 298 3532 voces
313 3477 487 3546 audirentur,
503 3479 660 3551 exspectari
675 3479 782 3534 diutius
796 3497 853 3534 non
868 3491 1009 3552 oportere,
1025 3479 1093 3551 quin
1110 3479 1145 3534 ad

119 3579 212 3622 castra
227 3567 323 3634 iretur,
340 3567 504 3624 cohortatus
518 3587 594 3637 suos,
609 3569 741 3625 omnibus
756 3571 948 3644 cupientibus,
965 3569 999 3624 ad
1021 3569 1143 3625 hostium

119 3671 211 3713 castra
226 3657 381 3714 contendit.
923 3645 928 3653 ¹

157 3747 256 3803 XXV.
285 3749 329 3804 lbi
343 3767 431 3820 quum
446 3749 493 3804 alii
508 3749 597 3809 fossas
611 3751 796 3822 complerent,
813 3751 860 3806 alii
881 3749 979 3806 multis
999 3747 1064 3806 telis
1078 3767 1145 3808 con·

116 3833 203 3906 jectis
218 3835 386 3898 defensores
404 3837 478 3901 vallo
498 3838 763 3912 munitionibusque
784 3839 968 3912 depellerent,
984 3839 1146 3902 auxiliares
