2566 4270
156 324 225 374 cir.
241 327 355 390 ιιι-ιω
512 329 621 382 mnne
642 333 828 402 ssertuus.
1128 329 1184 406 iit

156 467 194 526 sit
208 477 339 544 gestum:
361 471 492 530 omnibus
506 474 599 532 modis
612 475 681 534 huic
695 478 737 535 rei
751 479 933 552 studendum,
947 492 980 540 ut
999 483 1183 557 pabulatione

157 569 185 616 et
213 572 376 618 commeatu
406 563 532 621 Romani
565 567 778 641 prohibeantur.
833 571 867 628 Id
895 591 956 629 esse
984 574 1077 644 facile,
1105 577 1182 650 quod

155 651 286 725 equitatu
314 647 368 727 ipsi
396 655 549 728 abundent,
577 668 605 714 et
632 658 710 734 quod
737 661 804 717 anni
831 673 958 736 tempore
982 664 1179 724 subleventur:

154 742 293 818 pabulum
320 745 412 800 secari
439 765 498 804 nou
524 767 626 822 posse;
656 751 823 809 necessarii)
849 753 991 827 dispersos
1018 755 1112 812 hostes
1145 775 1179 814 ex

109 905 112 910 ,
155 833 285 890 aedificiis
298 845 413 908 petere:
435 837 488 893 hos
501 858 600 896 omues
614 841 740 914 quotidie
760 843 794 898 ab
815 845 958 916 equitibus
979 845 1067 902 deleri
1087 865 1170 920 posse

154 923 299 981 Praeterea
325 926 425 983 salutis
452 929 539 986 causti
567 930 609 986 rei
637 931 784 990 familiaris
811 935 962 991 commoda
988 936 1177 1012 negligenda;

154 1015 236 1072 vicos
258 1025 342 1091 atque
366 1017 488 1075 aedificia
508 1019 624 1077 incendi
645 1035 775 1096 oportere
797 1023 853 1080 hoc
873 1025 1006 1098 spati0,a
1026 1026 1098 1082 Boiai
1112 1047 1180 1100 quo·

154 1124 320 1180 quoversus,
335 1106 392 1182 qud
406 1109 562 1183 pabulandi
578 1113 665 1168 causd
680 1113 759 1170 adire
772 1133 855 1189 posse
870 1115 1025 1172 videantur.
1067 1116 1179 1174 Harum
1212 1100 1224 1119 ⁸

154 1197 224 1272 ipsis
235 1217 330 1254 rerum
345 1200 457 1274 copiam
478 1213 638 1277 suppetere,
653 1202 741 1278 quod,
756 1223 877 1278 quorum
898 1205 927 1262 in
948 1206 1052 1262 linibus
1074 1207 1179 1264 bellum

142 1291 279 1364 geratur,
294 1287 508 1368 eorum‘opibus
521 1294 722 1352 subleventur:
744 1295 894 1352 Romanos
909 1307 957 1352 aut
975 1297 1100 1372 inopiam
1120 1313 1178 1355 non

151 1379 270 1451 laturos,
293 1391 341 1437 aut
364 1401 469 1458 magno
493 1400 560 1440 cum
581 1385 710 1458 periculo
730 1385 845 1462 longius
869 1387 905 1442 ab
929 1387 1029 1444 castris
1049 1408 1178 1466 progres-

152 1489 253 1527 suros:
282 1489 376 1546 neque
403 1473 549 1546 interesse,
566 1469 690 1550 'ipsosne
718 1477 900 1548 interficiant,
928 1479 1177 1553 impedimentisne

152 1571 268 1632 exuant,
296 1563 399 1636 quibus
426 1565 547 1636 amissis,
575 1566 680 1623 bellurn
706 1568 768 1643 geri
799 1588 857 1624 non
883 1569 980 1644 possit.
1034 1569 1177 1628 Preterea

152 1652 259 1727 oppida
271 1653 386 1712 incendi
399 1667 540 1730 oportere,
555 1675 617 1730 quae
638 1677 696 1732 non
717 1659 876 1715 munitione
897 1670 926 1716 et
946 1660 1004 1716 loci
1023 1662 1126 1716 naturai
1141 1661 1176 1717 ab

151 1744 231 1800 omni
245 1744 301 1802 sint
313 1746 443 1820 periculo
456 1757 535 1816 tuta;
556 1766 613 1804 neu
627 1749 687 1804 suis
700 1748 757 1804 sint
772 1749 806 1804 ad
817 1749 1031 1806 detractandam
1045 1751 1176 1808 militiam

151 1836 343 1910 receptacula,
374 1855 432 1894 neu
459 1836 601 1894 Romanis
626 1839 771 1914 proposita
799 1839 834 1896 ad
861 1841 973 1915 copiam
1000 1842 1176 1899 commeatis

149 1926 332 2001 praedamque
351 1927 515 1991 tollendam.
557 1928 631 1986 Haec
652 1929 676 1986 si
696 1930 794 2006 gravia
818 1940 866 1988 aut
890 1932 993 2010 acerba
1016 1931 1176 2004 videantur,

149 2017 240 2075 multo
259 2018 309 2074 illa
328 2018 443 2094 gravius
461 2019 601 2077 estimare
621 2019 736 2092 debere,
750 2021 864 2093 liberos,
879 2022 1016 2098 conjuges
1040 2023 1069 2079 in
1090 2025 1175 2080 servi·

149 2119 240 2166 tutem
256 2109 389 2182 abstrahi,
404 2111 480 2186 ipsos
494 2111 616 2170 interfici
628 2132 634 2182 ;
658 2131 721 2186 quae
733 2113 774 2170 n't
786 2132 904 2170 necesse
919 2113 1050 2170 accidere
1071 2113 1171 2172 victis'

189 2199 257 2258 XV.
286 2200 425 2258 Omnium
440 2216 582 2260 consensu
597 2204 651 2260 hac
665 2205 806 2284 sententiis
826 2205 955 2280 probati,
971 2224 1029 2262 uno
1049 2205 1096 2261 die
1117 2223 1174 2262 am·

148 2291 225 2368 pliirs
251 2293 311 2351 XX
339 2297 425 2352 urbes
457 2295 619 2372 Biturigum
646 2298 846 2356 incenduntur.
888 2297 955 2354 Hoc
983 2298 1058 2354 idem
1085 2297 1116 2354 lit
1143 2299 1173 2355 in

148 2385 266 2459 reliquis
280 2385 452 2443 civitatibus.
493 2386 529 2442 In
544 2387 676 2443 omnibus
689 2389 817 2461 partibus
838 2389 973 2445 incendia
992 2389 1173 2462 conspiciun-

147 2487 212 2546 tur;
235 2496 298 2550 quae
318 2477 372 2533 etsi
393 2495 499 2550 magno
522 2495 588 2531 cum
611 2477 708 2532 dolore
727 2497 826 2534 omnes
847 2479 984 2547 ferebant,
1002 2490 1096 2534 tamen
1118 2479 1173 2534 hoc

147 2567 204 2624 sibi
228 2567 321 2622 solatii
344 2565 551 2639 proponebant,
578 2561 668 2636 [qubd
688 2567 729 2634 se,
749 2569 849 2645 prope]
874 2567 1018 2640 explorate
1043 2567 1172 2638 victorii,

147 2655 282 2714 celeriter
305 2656 410 2710 amissa
433 2663 650 2727 recuperaturos
672 2651 891 2734 [confidebant].
933 2655 1114 2712 Deliberatur
1138 2657 1173 2714 de

148 2745 277 2803 Avarico
300 2744 331 2800 in
355 2743 501 2800 communi
524 2743 658 2815 concilio,
683 2745 798 2801 incendi
822 2746 958 2820 placeret,
987 2765 1022 2802 an
1050 2745 1171 2805 defendi.
1205 2811 1211 2820 ,

148 2835 346 2892 Procumbunt
359 2833 491 2891 omnibus
504 2834 595 2891 Gallis
610 2835 644 2892 ad
657 2835 746 2912 pedes
767 2835 921 2912 Bituriges,
944 2841 998 2893 ‘ne
1017 2837 1173 2911 pulcherri-

149 2945 226 2983 mam
239 2945 326 3001 prope
340 2925 427 2982 totius
440 2926 540 2997 Galljae
555 2927 664 2998 urbem,
679 2946 742 3001 quae
757 2938 785 2985 et
804 2927 937 3002 presidio
957 2938 985 2984 et
1005 2941 1173 2986 ornamento

147 3017 185 3076 sit
199 3000 316 3088 civitati,
331 3017 390 3074 suis
404 3017 534 3074 manibus
548 3018 726 3075 succendere
746 3029 935 3094 cogerentur:
957 3017 1042 3076 facile
1063 3038 1094 3076 se
1114 3019 1171 3077 loci

146 3110 248 3167 natural
269 3109 454 3166 deserrsuros'
478 3109 587 3180 dicunt,
610 3107 715 3183 ‘quod
728 3125 817 3183 prope
838 3127 873 3165 ex
892 3101 1024 3166 omnibus
1043 3109 1172 3184 partibus

145 3201 264 3258 flumine
285 3211 314 3257 et
336 3200 442 3275 palude
463 3199 652 3270 circumdata,
676 3218 765 3256 unum
793 3199 896 3257 habeat
919 3210 947 3256 et
967 3213 1171 3276 perangustum

48 3301 53 3305 “
146 3291 273 3348 aditum'
315 3291 408 3347 Datur
429 3291 592 3366 petentibus
606 3290 699 3360 venia,
714 3290 896 3347 dissuadente
909 3289 1000 3366 primd
1014 3290 1172 3366 Vercinge-

145 3381 249 3457 torige,
271 3379 337 3456 post
358 3381 546 3451 concedente,
561 3391 590 3437 et
611 3380 745 3456 precibus
766 3381 901 3456 ipsorum,
922 3391 950 3438 et
973 3381 1171 3439 misericordia

145 3472 233 3547 vulgi.
275 3471 449 3528 Defensores
462 3462 567 3546 oppido
581 3470 676 3528 idonei
691 3471 862 3548 deliguntur.

187 3561 269 3618 XVI.
298 3560 519 3637 Vercingetorix
545 3561 703 3618 minoribus
727 3557 871 3619 cesarem
898 3561 1048 3620 itineribus
1074 3561 1172 3617 subse·

146 3653 253 3728 quitur,
269 3662 297 3708 et
311 3652 406 3707 locum
421 3653 521 3708 castris
535 3651 644 3728 deligit,
655 3643 807 3726 paludibus
821 3652 954 3725 silvisque
969 3651 1119 3715 munitum,
1135 3649 1173 3704 ab

146 3744 274 3802 Avarico
292 3740 378 3818 longe
400 3741 489 3798 millia
510 3762 645 3817 passuum
666 3741 749 3799 XVI.
790 3742 835 3798 Ibi
855 3760 906 3815 per
929 3753 1023 3797 certos
1046 3736 1171 3810 explora·

146 3846 224 3894 tores
249 3835 280 3892 in
303 3833 417 3910 singula
440 3833 497 3890 diei
519 3844 657 3908 tempora,
682 3852 744 3907 quae
770 3832 804 3888 ad
832 3831 988 3887 Avaricum
1010 3835 1170 3904 agerentur,

147 3927 349 4004 cognoscebat,
372 3935 410 3994 et,
435 3925 503 3999 quid
525 3924 586 3982 fieri
613 3923 708 4008 vellet,
730 3921 905 3995 imperabat:
934 3935 1034 3982 omnes
1059 3926 1172 3980 ucenae
