2578 4270
125 283 165 341 22
460 282 508 330 DE
531 281 647 330 BELLO
671 282 830 330 GALLICO
958 281 1036 345 [Car.
1052 280 1161 329 {tt-tto.

127 423 176 494 vit,
190 441 237 494 ne,
253 423 276 480 si
290 443 365 481 nova
377 442 479 482 manus
493 425 653 481 Suevorum
666 443 734 481 cum
748 425 891 482 veteribus
905 424 996 500 copiis
1017 421 1160 480 Ariovisti

127 533 190 570 sese
212 515 415 590 conjunxisset,
436 513 532 571 mimis
554 514 638 571 facile
661 516 755 572 resisti
774 527 877 590 posset.
919 515 1020 588 Itaque
1043 533 1075 570 re
1099 515 1162 570 fru-

127 605 278 674 mentaria,
293 605 379 678 qulam
396 605 545 662 celerrime
565 606 667 680 potuit,
683 608 857 680 comparata,
871 607 982 682 maguis
1003 606 1160 662 itineribus

130 696 164 750 ad
180 696 357 752 Ariovistum
371 697 527 753 contendit.

167 785 343 842 XXXVIII.
371 787 474 847 Quum
497 787 584 844 tridui
608 788 681 843 viam
702 787 896 861 processisset,
919 788 1088 844 nunciatum
1112 799 1159 844 est

128 877 165 946 ei,
180 877 356 933 Ariovistum
372 896 438 934 cum
452 878 511 934 suis
525 878 657 934 omnibus
672 878 761 952 copiis
776 877 811 932 ad
825 877 1024 952 occupandum
1045 877 1159 934 Veson-

128 969 245 1038 tionem,
260 969 336 1042 quod
350 979 394 1024 est
413 969 549 1042 oppidum
570 969 724 1024 maximum
745 970 953 1042 Sequanorum,
969 969 1155 1038 contendere,

127 1059 272 1132 triduique
295 1059 370 1115 viam
398 1078 415 1116 a
441 1059 501 1116 suis
527 1059 632 1116 finibus
658 1059 821 1134 profecisse.
873 1058 907 1114 Id
934 1077 971 1115 ne
999 1059 1155 1128 accideret,

127 1167 233 1225 magno
256 1169 342 1224 opere
362 1149 581 1224 precavendum
606 1151 660 1206 sibi
682 1149 779 1206 Caesar
801 1149 998 1206 existimabat:
1030 1165 1156 1223 namque

128 1240 256 1296 omnium
271 1259 375 1310 rerum,
390 1259 453 1314 quaa
475 1241 510 1296 ad
531 1241 637 1296 bellurn
658 1241 723 1298 usui
745 1250 837 1320 erant,
852 1259 963 1296 summa
986 1252 1046 1296 erat
1068 1240 1097 1296 in
1119 1259 1157 1296 eo

128 1331 234 1405 oppido
248 1331 383 1399 facultas;
406 1331 491 1405 idque
504 1332 606 1388 natural
621 1331 677 1388 loci
698 1332 740 1387 sic
761 1332 953 1400 muniebatur,
968 1341 999 1386 nt
1020 1350 1154 1405 magnam

130 1421 165 1476 ad
180 1421 343 1478 ducendum
358 1422 464 1478 bellum
485 1422 565 1479 daret
586 1423 760 1492 facultatem,
775 1433 926 1496 propterea
947 1420 1024 1495 qubd
1047 1422 1154 1477 flumen

129 1511 232 1582 Dubis,
248 1524 279 1569 ut
293 1513 404 1569 circino
422 1513 660 1583 circumductum,
675 1531 757 1587 paene
775 1524 866 1570 toturn
884 1513 1019 1586 oppidum
1042 1514 1152 1588 cingit:

129 1604 269 1677 reliquum
284 1605 415 1678 spatium,
431 1605 506 1678 quod
520 1615 563 1660 est
577 1623 634 1660 non
650 1603 769 1677 amplius
780 1604 885 1677 pedum
900 1603 963 1672 DC,
976 1603 1032 1676 qua
1047 1603 1154 1660 flumen

129 1693 299 1764 intermittit,
315 1715 396 1751 mons
411 1695 538 1751 continet
552 1685 656 1770 magna
673 1694 832 1763 altitudine,
848 1695 932 1750 itaut
950 1695 1061 1750 radices
1076 1715 1156 1750 mon·

128 1786 165 1842 tis
185 1805 220 1842 ex
244 1788 364 1860 utraque
385 1798 465 1861 parte
488 1786 556 1859 ripae
578 1785 704 1842 fluminis
726 1786 902 1860 contingant.
945 1781 1033 1840 Hunc
1055 1805 1154 1842 murus

129 1877 323 1933 circumdatus
351 1896 445 1933 arcem
466 1878 563 1946 efficit,
592 1888 620 1934 et
648 1896 714 1932 cum
741 1877 846 1950 oppido
873 1876 1028 1950 conjungit.
1084 1876 1154 1932 Huc

130 1966 227 2022 Caesar
241 1968 352 2043 magnis
366 1969 514 2064 nocqurnis
539 1969 706 2040 diurnisque
728 1968 877 2024 itineribus
898 1968 1055 2038 contendit,
1069 1987 1154 2023 occu·

128 2069 252 2132 patoque
266 2059 371 2132 oppido
385 2059 424 2114 ibi
438 2059 600 2132 praesidium
616 2060 745 2115 collocat.

169 2148 317 2207 XXXIX.
346 2149 423 2206 Dum
437 2168 544 2223 paucos
559 2151 620 2206 dies
636 2151 669 2205 ad
684 2150 891 2206 Vesontionem
906 2150 947 2206 rei
963 2150 1152 2206 frumentaria

130 2240 363 2313 commeatusque
392 2241 478 2296 causa
509 2251 644 2310 moratur,
673 2259 708 2296 ex
731 2242 967 2314 percunctatione
994 2252 1153 2297 nostrorum

129 2331 304 2404 vocibusque
312 2325 465 2387 'Gallorum
485 2349 518 2386 ac
539 2341 738 2401 mercatorum,
754 2332 802 2405 qui
824 2332 933 2407 ingenti
956 2332 1152 2407 magnitudine

130 2441 280 2496 corporum
300 2423 468 2492 Germanos,
484 2422 645 2479 incredibili
667 2423 770 2478 virtute
792 2434 875 2496 atque
899 2424 1102 2479 exercitatione
1124 2424 1152 2479 in

130 2514 215 2570 armis
234 2531 295 2570 esse
316 2513 521 2588 praedicabant,
536 2533 732 2588 saepenumero
752 2532 814 2570 sese
836 2533 902 2569 curn
923 2514 964 2569 eis
986 2533 1153 2588 congressos

128 2623 165 2660 ne
180 2605 286 2661 vultum
301 2605 416 2679 quidem
432 2616 515 2679 atque
530 2605 621 2661 aciem
638 2605 791 2678 oculorum
814 2604 887 2661 ferre
907 2605 1042 2678 potuisse,
1058 2617 1153 2662 tantus

128 2696 222 2752 subitb
244 2697 327 2752 timor
348 2716 462 2753 omnem
484 2697 641 2753 exercitum
662 2697 823 2769 occupavit,
839 2706 870 2752 ut
890 2715 948 2751 non
973 2696 1153 2752 mediocriter

128 2787 255 2842 omnium
272 2799 380 2843 mentes
395 2789 560 2860 animosque
573 2787 759 2861 perturbaret.
802 2786 861 2840 Hic
875 2785 999 2859 primitm
1014 2797 1093 2842 ortus
1112 2797 1153 2843 est

130 2894 147 2931 a
160 2877 281 2931 tribunis
302 2877 433 2945 militum,
448 2878 599 2949 praefectis,
614 2876 797 2948 reliquisque,
812 2876 861 2948 qui
874 2893 909 2930 ex
930 2876 1000 2932 urbe
1022 2877 1152 2932 amicitia

110 2997 111 3000 ¹
129 2967 216 3022 causa
232 2966 373 3022 Caesarem
390 2967 490 3035 secuti,
506 2986 642 3042 magnum
662 2966 822 3041 periculum
843 2965 1061 3036 miserabantur,
1077 2966 1152 3040 quaid

129 3077 186 3113 non
202 3075 336 3130 magnum
351 3059 379 3112 in
395 3075 425 3112 re
440 3057 553 3114 militari
571 3077 655 3114 usum
676 3058 835 3114 habebant:
858 3076 978 3130 quorum
1001 3058 1082 3126 alius,
1100 3059 1152 3113 aliti

129 3149 217 3204 causa
242 3148 330 3216 illata,
356 3167 442 3220 quam
466 3149 520 3204 sibi
546 3149 580 3204 ad
604 3149 845 3222 proficiscendum
872 3149 1064 3204 necessariam
1093 3168 1152 3205 esse

129 3239 247 3308 diceret,
267 3239 390 3312 petebat,
406 3250 436 3294 ut
457 3240 517 3312 ejus
539 3240 684 3296 voluntate
705 3240 852 3296 discedere
873 3239 991 3295 liceret:
1014 3241 1152 3308 nonnulli,

129 3329 237 3403 pudore
263 3329 388 3397 adducti,
410 3340 440 3384 ut
464 3331 574 3386 timoris
597 3331 788 3403 suspicionem
813 3331 944 3398 vitarent,
960 3331 1150 3386 remanebant.

130 3420 170 3475 Ili
185 3438 277 3492 neque
292 3420 399 3474 vultum
415 3421 522 3494 lingere
537 3439 630 3493 neque
645 3422 788 3490 interdum
806 3421 939 3476 lacrimas
960 3430 1057 3475 tenere
1077 3431 1153 3492 pote-

129 3521 215 3567 rant:
232 3511 318 3566 abditi
339 3510 367 3564 in
390 3511 583 3566 tabernaculis
607 3522 654 3567 aut
676 3531 759 3567 snum
781 3508 869 3566 latum
890 3511 1091 3584 querebantur,
1108 3522 1152 3566 aut

129 3622 195 3657 cum
213 3649 214 3654 ,
233 3601 419 3658 familiaribus
461 3603 520 3656 suis
554 3621 707 3658 commune
743 3602 904 3675 periculum
937 3601 1150 3658 miserabantur.

129 3693 224 3767 Vulgo
240 3693 306 3749 totis
321 3691 422 3747 castris
436 3702 606 3748 testamenta
626 3693 859 3767 obsignabantur.
902 3691 1015 3747 Horum
1036 3691 1151 3747 vocibus

131 3803 164 3839 ac
178 3785 289 3853 timore,
304 3783 441 3857 paulatim
456 3783 542 3839 etiam
557 3784 587 3854 ii,
603 3783 652 3857 qui
666 3801 802 3858 magnum
817 3781 959 3839 incastris
972 3800 1056 3837 usum
1070 3781 1152 3836 habe-

130 3875 199 3930 bant
222 3874 327 3932 milites
341 3875 591 3948 centurionesque,
606 3874 712 3948 quique
733 3873 862 3946 equitatu
882 3881 1033 3947 preerant,
1047 3881 1152 3948 pertur-
