2578 4270
143 261 209 310 car.
227 259 306 319 1-a.]
506 257 614 306 traua
635 259 795 308 Tanarus.
1125 269 1165 326 45

143 402 250 472 aliquot
263 400 370 474 proeliis
384 399 475 468 sactiS,
491 401 670 472 castellisque
691 403 883 474 compluribus
904 422 1002 458 eorum
1022 423 1166 480 expugna-

142 492 188 559 tis,
204 491 297 545 missis
319 490 353 544 ad
374 508 438 544 cum
460 490 586 562 undique
606 491 715 565 legatis,
731 492 933 564 obsidibusque
955 493 1036 562 datis,
1045 503 1079 554 et
1092 515 1165 568 pace

143 581 229 650 sacta,
246 581 391 636 constituit
406 581 537 636 cohortes
551 581 620 636 duas
636 582 664 636 in
679 581 873 637 Nantuatibus
895 584 1045 653 collocare,
1060 596 1088 640 et
1103 586 1163 662 ipse

143 690 210 726 oum
225 671 342 744 reliquis
354 672 421 745 ejus
435 672 556 746 legionis
577 672 741 728 cohortibus
763 673 792 728 in
814 674 878 727 vico
895 674 1100 748 Veragrorum,
1115 676 1163 748 qui

145 763 299 836 appellatur
314 762 488 832 Octodurus,
504 763 647 820 hiemare:
670 765 822 836 quiricus,
837 766 945 838 positus
966 767 994 820 in
1010 766 1090 835 valle,
1106 785 1164 822 non

145 854 248 928 magni
264 854 373 928 adjecta
387 853 515 928 planitie,
534 855 676 909 altissimis
695 855 838 910 montibus
852 857 977 926 undique
993 857 1162 916 continetur.

143 943 244 1002 Quum
259 945 306 998 hic
321 945 350 999 in
375 943 445 998 duas
467 955 562 1017 partes
581 944 697 1000 flumine
722 944 903 1012 divideretur,
920 947 1035 1000 alteram
1055 959 1163 1018 portem

144 1033 205 1108 ejus
229 1035 284 1089 vici
308 1034 398 1089 Gallis
421 1035 580 1102 concessit;
606 1035 732 1103 alteram,
748 1053 866 1088 vacuam
890 1036 923 1089 ab
949 1037 1002 1090 illis
1026 1036 1170 1104 relictam,

144 1125 309 1180 cohortibus
324 1125 360 1180 ad
373 1125 556 1180 hiemandum
572 1125 706 1180 attribuit.
748 1125 823 1180 Eum
837 1125 933 1180 loeurn
948 1126 1020 1180 vallo
1035 1125 1165 1199 fossaque

143 1215 273 1270 munivit.

183 1304 221 1361 II.
249 1305 350 1365 Quum
370 1305 431 1361 dies
452 1305 635 1378 hibernorum
657 1308 820 1380 complures
841 1309 1016 1380 arrisissent,
1042 1310 1164 1368 frumen·

143 1405 261 1468 tumque
275 1393 309 1450 eb
325 1398 494 1469 comportari
512 1397 650 1471 jussisset,
665 1397 758 1454 subito
780 1419 828 1472 per
850 1402 1039 1472 arpen-atores
1060 1405 1163 1460 certior

145 1484 237 1542 sactus
261 1497 312 1555 est,
329 1505 364 1542 ex
385 1488 419 1542 ea
442 1489 609 1561 partanei,
631 1508 715 1560 quam
737 1489 826 1544 Gallis
851 1503 1040 1561 concesserat,
1065 1512 1164 1550 ornnes
1197 1525 1206 1540 ·

144 1587 232 1632 noctu
246 1577 419 1647 discessisse,
434 1589 609 1650 montesque,
625 1580 673 1650 qui
693 1579 896 1652 impenderent,
914 1602 929 1634 a
953 1583 1075 1639 maxima
1095 1584 1165 1639 mul-

145 1667 267 1724 titudine
292 1668 474 1724 Sedunorum
501 1679 530 1724 et
557 1661 750 1742 Veragrorum
778 1671 877 1726 tenui.
933 1671 965 1724 ld
995 1672 1101 1742 aliquot
1128 1673 1163 1728 de

145 1758 240 1815 causis
255 1759 408 1827 acciderat,
424 1769 456 1814 ut
469 1757 563 1814 subite
578 1759 654 1814 Galli
670 1760 736 1816 belli
752 1761 905 1814 renovandi
927 1761 1102 1834 legionisque
1117 1781 1164 1835 op-

144 1848 299 1922 primendae
314 1849 465 1905 eonsilium
486 1860 636 1923 caperent:
658 1848 791 1923 primunr,
808 1849 883 1922 quaid
905 1851 1056 1924 legionem,
1072 1869 1164 1923 neque

144 1957 207 1994 eam
225 1939 429 2012 plenissimam,
445 1941 580 1996 detractis
601 1940 765 1996 cohortibus
787 1941 906 2008 dirabus,
922 1952 949 1995 et
971 1942 1163 2016 compluribus

143 2030 317 2103 singillatim,
333 2032 381 2104 qui
401 2031 576 2087 commeatris
598 2031 713 2104 petendi
729 2033 816 2086 causti
838 2031 914 2086 nissi
937 2045 1026 2100 erant,
1042 2032 1163 2087 absenti-

144 2120 206 2190 bus,
221 2133 333 2194 propter
347 2124 522 2196 paucitatem
537 2123 748 2196 despiciebant:
771 2133 831 2177 tum
846 2123 941 2190 etium,
958 2122 1033 2194 quiid
1049 2136 1163 2196 propter

143 2210 321 2284 iniquitatem
336 2213 402 2282 loci,
418 2232 505 2286 quum
520 2213 573 2288 ipsi
588 2232 622 2270 err
638 2213 781 2270 montibus
803 2214 831 2268 in
853 2214 952 2268 valleio.
969 2213 1161 2281 decurrerent,

144 2311 171 2357 et
196 2303 252 2358 tela
273 2304 458 2378 conjicerent,
474 2322 511 2359 ne
533 2303 656 2377 primum
678 2305 791 2374 quidem
815 2323 897 2376 pose
923 2304 1057 2376 inpetum
1080 2323 1161 2358 suum

143 2395 276 2450 sustineri
298 2395 504 2450 existimabant.
547 2393 724 2461 Accedebat,
749 2393 824 2465 qufd
848 2413 913 2446 sues
939 2395 973 2448 ab
1001 2412 1030 2449 re
1059 2394 1162 2450 liberos

143 2485 300 2540 abstractos
314 2485 446 2540 obsidum
461 2483 575 2538 nornine
596 2483 746 2550 dolebant;
770 2495 797 2538 et
818 2483 882 2536 lior
900 2502 965 2535 ines
989 2501 1046 2536 nen
1070 2483 1161 2538 solum

79 2629 82 2632 ,
142 2574 277 2630 itinerum
299 2575 396 2641 causa,
412 2572 461 2628 sed
486 2571 571 2626 etiam
591 2582 733 2644 perpetuae
757 2571 942 2644 possessionis
968 2571 1092 2624 culmina
1115 2571 1163 2626 ril-

141 2664 221 2738 pium
236 2681 379 2735 occupare
394 2661 501 2731 conari,
517 2673 545 2718 et
559 2679 592 2718 ea
606 2661 670 2717 loca
684 2661 809 2716 finitinnr
825 2660 976 2732 perraria
1000 2659 1079 2732 adju-¹
1124 2679 1159 2716 :e

143 2754 197 2810 sibi
212 2771 377 2826 persuasum
391 2753 539 2810 habebant.

183 2843 236 2900 Ill.
266 2843 320 2899 His
341 2845 454 2899 nunciis
480 2844 613 2918 acceptis,
629 2844 730 2912 Galba,
751 2861 838 2915 qaum
859 2861 952 2914 neque
974 2863 1044 2917 cpus
1070 2843 1160 2900 lribarn

143 2952 244 2989 norum
259 2935 485 3008 munitionesque
499 2935 582 3008 plene
598 2947 691 2989 esseut
706 2935 770 3006 pers
778 2947 847 3001 ertu,
864 2954 870 2969 =
893 2954 955 3006 >qtae
971 2935 1004 2988 ile
1021 2935 1160 2990 frumento

143 3025 307 3098 reliquoque
335 3035 496 3081 commeatu
521 3024 590 3080 sutis
618 3036 693 3080 esset
720 3025 872 3097 previ=·1:‘·.‚
903 3023 988 3095 qli,
1016 3023 1159 3079 deditione

143 3115 215 3171 factri
230 3117 432 3189 obsidibusque
448 3116 582 3189 acceptis,
598 3115 667 3170 nihil
684 3115 718 3169 de
733 3115 807 3168 belli
829 3115 914 3168 tine-:r
929 3115 984 3167 lua
1002 3113 1160 3168 existimav-

141 3217 209 3275 erat,
235 3208 354 3262 consilio
375 3207 506 3262 celeriter
527 3216 694 3274 convocato,
718 3205 872 3260 sententias
895 3205 1042 3275 anparere
1064 3204 1157 3276 erepit

139 3297 210 3356 Quo
224 3297 253 3352 in
269 3299 399 3366 consilio,
416 3316 503 3368 quum
518 3307 628 3352 tantum
642 3296 781 3368 repentini
797 3295 916 3367 periculi
930 3306 1031 3367 praeter
1052 3295 1159 3368 opinio·

140 3405 205 3442 nem
222 3388 382 3455 accidisset,
399 3405 433 3442 ac
455 3386 513 3459 jam
535 3384 703 3442 omniafere
725 3387 870 3458 superiora
893 3386 956 3440 loci
978 3385 1159 3440 multitudine

141 3489 312 3534 armatorum
345 3476 485 3548 completa
516 3477 757 3549 conspicerentur,
786 3495 878 3548 neq-ra
906 3475 1032 3530 sulsidio
1059 3473 1158 3531 veniri.

139 3587 233 3641 neque
261 3578 436 3622 commeatus
464 3568 621 3640 supportari
657 3568 817 3623 interclr's
852 3565 1000 3618 {Serius
1033 3571 1157 3635 possent,

142 3677 226 3734 prope
238 3659 296 3732 jam
311 3657 458 3730 desperata
473 3657 571 3726 salute,
587 3659 730 3713 nonnullae
746 3658 835 3726 hujus
850 3676 866 3702 *r
890 3655 906 3707 li
922 3652 1068 3706 sententie
1083 3651 1159 3704 dice-

142 3750 252 3819 bantur,
268 3760 308 3818 ut,
325 3747 533 3820 impedimentis
548 3749 664 3815 relictis,
680 3748 784 3820 erupti(
793 3765 828 3800 ae
844 3744 928 3808 sanis,
945 3741 1044 3794 iisdem
1064 3739 1159 3794 itiner·

141 3841 213 3910 ibus,
229 3841 332 3913 quibus
347 3836 381 3894 eb
395 3837 599 3912 pervenissent,
617 3838 784 3896 adsalutem
800 3830 1012 3888 contenderent.
1054 3827 1156 3902 Maiori
