2578 4270
124 315 199 368 on.
214 317 311 380 e-ru]
492 315 598 366 irena
620 315 797 376 Quassus.
1117 317 1158 374 59

122 460 333 535 postulassent,
357 459 393 516 ab
413 477 444 516 se
468 459 528 516 fore
554 471 660 535 parata.
701 459 772 520 Qut
799 476 849 533 spe
877 455 992 513 adducti
1019 457 1157 514 Germani

125 549 290 626 latiirsjam
305 551 490 626 vagabantur,
505 551 577 608 etin
598 551 669 607 fines
690 551 858 606 Eburonum
881 560 909 604 et
931 549 1156 618 Condrusorum,

125 641 182 715 qui
197 653 265 698 sunt
278 640 464 698 Trevirorum
478 643 608 712 clientes,
622 651 817 716 pervenerant.
859 639 1041 714 Principibus
1055 639 1156 696 Gallie

126 729 268 802 evocatis,
289 732 386 788 Caesar
408 751 452 803 ea,
474 751 537 806 quae
560 747 742 808 cognoverat,
762 731 968 787 dissimulanda
988 731 1042 786 sibi
1063 730 1157 786 existi-

126 823 231 893 mavit,
246 841 402 897 eorumque
427 823 529 879 animis
549 823 700 897 permulsis
722 833 750 879 et
772 822 956 891 confirmatis,
971 822 1157 895 equitatuque

127 913 281 986 imperato,
296 914 403 970 bellum
418 933 484 970 cum
498 914 650 970 Germanis
664 931 763 989 gerere
777 913 932 968 coustituit.

173 1004 239 1061 VII.
268 1004 316 1060 Re
338 1004 522 1061 frumentarii
543 1005 717 1079 comparati,
732 1003 932 1078 equitibusque
954 1002 1082 1072 delectis,
1104 1003 1157 1058 iter

128 1094 163 1151 in
178 1113 213 1150 ea
226 1095 290 1151 loca
305 1095 400 1152 lacere
420 1095 516 1170 coepit,
532 1095 636 1169 quihus
657 1095 686 1151 in
707 1095 779 1150 locis
799 1112 862 1150 esse
882 1095 1041 1150 Germanos
1063 1093 1158 1150 audie·

129 1187 190 1242 bet.
232 1187 259 1242 A
275 1185 378 1259 quibus
392 1205 480 1261 quum
494 1205 651 1260 paucorum
673 1186 784 1242 dierum
806 1185 858 1241 iter
880 1185 1000 1254 abesset,
1014 1185 1101 1260 legati
1122 1185 1158 1240 ah

128 1277 178 1332 his
205 1288 352 1347 venerunt,
381 1297 501 1352 quorum
529 1278 591 1334 hac
623 1277 676 1334 fuit
709 1277 816 1332 oratio:
852 1276 1030 1332 ‘Germanos
1064 1293 1157 1349 neque

127 1367 241 1442 priores
255 1369 361 1442 populo
373 1368 509 1425 Romano
527 1368 632 1424 bellum
654 1367 768 1438 inferre,
783 1385 876 1441 neque
896 1378 992 1423 tamen
1014 1385 1156 1438 recusare,

127 1459 157 1515 si
170 1459 356 1530 lacessantur,
372 1460 440 1533 quin
455 1461 542 1516 armis
556 1460 749 1528 contendant;
771 1457 848 1533 qubd
861 1459 1071 1515 Germanorum
1090 1477 1157 1514 con·

127 1550 255 1606 suetudo
269 1550 330 1606 haec
344 1551 381 1607 sit
396 1569 411 1606 a
425 1550 579 1626 majoribus
592 1551 704 1619 tradita,
720 1551 884 1624 quicunque
903 1549 1008 1606 bellum
1024 1549 1156 1619 inserant,
1220 1617 1223 1621 ,

128 1633 275 1710 resistere,
290 1659 384 1714 neque
402 1641 568 1716 deprecari:
589 1641 652 1698 haec
672 1651 769 1697 tamen
791 1641 897 1709 dicere,
911 1641 1023 1696 venisse
1044 1640 1157 1712 invitos,

129 1731 240 1807 ejectos
253 1732 346 1788 domo.
389 1732 421 1788 Si
436 1751 516 1788 suam
531 1732 650 1807 gratiam
665 1731 792 1786 Romani
810 1731 907 1800 velint,
921 1749 1004 1804 posse
1018 1731 1059 1786 eis
1074 1732 1157 1788 utiles

129 1841 196 1879 esse
211 1823 334 1880 amicos:
355 1823 398 1880 vel
413 1822 468 1878 sibi
483 1842 565 1898 agros
580 1821 743 1890 attribuant,
758 1821 800 1877 vel
822 1821 965 1896 patiantur
986 1840 1035 1878 eos
1049 1833 1156 1893 tenere,

130 1931 204 1988 quos
219 1915 303 1970 armis
316 1913 502 1989 possederint.
545 1915 615 1970 Sese
629 1913 694 1969 unis
709 1913 811 1969 Suevis
825 1913 994 1983 concedere,
1006 1913 1109 1987 quibus
1120 1931 1157 1971 ne

129 2004 173 2061 dii
188 2005 302 2078 quidem
317 2005 490 2062 immortales
503 2024 587 2080 pares
601 2023 663 2061 esse
679 2004 805 2079 possint:
826 2004 968 2077 reliquum
989 2004 1105 2078 quidem
1126 2005 1156 2060 in

131 2096 215 2152 terris
229 2115 290 2153 esse
304 2097 458 2166 neminem,
474 2116 558 2170 quem
572 2115 630 2152 non
645 2114 778 2171 superare
791 2096 918 2170 possint!

166 2186 252 2244 ,VIIL
281 2188 329 2244 Ad
344 2189 406 2244 haec
420 2188 527 2258 Caesar,
543 2207 606 2261 quae
627 2187 718 2244 visum
740 2197 792 2257 est,
807 2187 969 2262 respondit;
992 2187 1041 2243 sed
1063 2187 1156 2243 exitus

77 2295 81 2300 ·
133 2278 186 2335 fuit
199 2279 351 2336 orationis:
373 2279 457 2335 ‘Sibi
471 2280 579 2335 nullam
593 2297 660 2334 cum
675 2277 718 2334 his
734 2277 889 2334 amicitiam
904 2297 965 2334 esse
979 2297 1071 2352 posse,
1087 2278 1110 2334 si
1125 2278 1155 2333 in

131 2370 226 2426 Gallia
241 2380 439 2427 remanerent:
461 2388 555 2444 neque
569 2388 667 2424 verum
681 2387 753 2438 esse,
769 2371 817 2442 qui
832 2389 897 2425 suos
911 2369 982 2425 fines
1002 2369 1076 2424 tueri
1097 2389 1155 2424 non

131 2462 283 2535 potuerint,
301 2462 410 2517 alienos
424 2478 584 2533 occupare:
599 2477 693 2532 neque
707 2461 780 2516 ullos
794 2461 823 2516 in
837 2460 932 2514 Gallia
946 2478 1047 2515 vacare
1064 2480 1154 2534 agros,

131 2552 180 2625 qui
194 2553 255 2608 dari
269 2562 355 2607 tantae
369 2550 527 2624 praesertim
541 2549 719 2603 multitudini
733 2550 795 2605 sine
816 2549 919 2622 injuria
938 2550 1055 2622 possint.
1098 2551 1154 2605 Sed

131 2643 230 2710 licere,
253 2642 277 2696 si
299 2641 397 2708 velint,
421 2639 450 2694 in
474 2638 615 2694 Ubiorum
637 2638 742 2694 finibus
766 2639 925 2706 considere,
953 2657 1074 2710 quorum
1101 2639 1157 2696 sint

132 2731 219 2806 legati
235 2731 309 2804 apud
325 2747 365 2798 se,
380 2739 408 2785 et
427 2729 462 2784 de
482 2729 641 2784 Suevorum
663 2728 774 2804 injuriis
795 2738 958 2801 querantur,
974 2739 1002 2784 et
1017 2747 1033 2784 a
1046 2747 1076 2785 se
1092 2749 1157 2786 aux·

133 2821 214 2878 ilium
227 2831 343 2896 petant:
365 2821 420 2875 hoc
434 2839 464 2877 se
480 2820 515 2876 ab
529 2818 611 2876 Ubiis
626 2820 861 2894 impetraturum!

172 2911 226 2968 ΙΧ.
255 2912 355 2987 Legati
371 2911 432 2967 haec
447 2930 477 2968 se
493 2912 526 2967 ad
549 2931 616 2967 suos
637 2912 776 2967 relaturos
794 2910 927 2966 dixerunt
937 2931 944 2979 ;
966 2920 1003 2980 et,
1018 2930 1049 2968 re
1068 2913 1156 2968 delib-

134 3005 221 3073 erata,
242 3014 306 3078 post
326 3004 401 3059 diem
422 3004 536 3060 tertium
559 3003 593 3080 ad
616 3003 760 3059 Caesarem
780 3021 960 3058 reversuros:
982 3003 1099 3072 interea,
1119 3023 1155 3060 ne

131 3093 247 3170 propids
262 3114 292 3151 se
313 3106 406 3151 castra
427 3105 562 3163 moveret,
577 3095 729 3168 petierunt.
771 3092 839 3149 ‘Ne
860 3093 888 3149 id
910 3093 1042 3166 quidem'
1059 3095 1156 3150 Caesar

132 3189 187 3242 ‘ab
202 3206 232 3244 se
247 3186 389 3260 impetrari
412 3187 512 3259 posse’
535 3185 625 3240 dixit:
648 3191 820 3258 cognoverat
840 3184 916 3239 enim
940 3203 1073 3260 magnam
1095 3205 1157 3260 par·

131 3287 189 3332 tem
204 3277 346 3351 equitabis
362 3278 396 3332 ab
412 3277 446 3332 iis
462 3277 569 3348 aliquot
583 3273 684 3330 diebus
700 3272 765 3330 antri
785 3274 931 3349 praedandi
952 3275 1157 3332 frumentandi·

133 3386 189 3441 que
203 3369 290 3423 causei
306 3368 340 3422 ad
356 3366 550 3422 Ambivaritos
564 3375 642 3421 trans
661 3365 774 3422 Mosam
792 3365 916 3422 missam.
958 3367 1021 3422 Hos
1042 3386 1157 3440 exspec-
1213 3367 1216 3376 '

134 3459 187 3516 tari
203 3458 322 3530 equiteS,
339 3468 423 3528 atque
437 3456 498 3531 ejus
512 3456 553 3512 rei
569 3457 656 3512 causei
671 3476 780 3513 moram
794 3457 936 3532 interponi
958 3458 1154 3514 arbitrabatur.

172 3549 206 3605 X.
235 3546 447 3620 Mosaprolluit
462 3565 497 3602 ex
515 3557 612 3603 monte
635 3547 760 3623 Voseg0,
775 3549 823 3622 qui
845 3558 888 3604 est
913 3549 941 3604 in
963 3549 1067 3604 finibus
1090 3548 1157 3601 Lin-

133 3659 251 3716 gonum,
276 3649 313 3707 et,
335 3648 415 3711 parte
439 3637 561 3710 quddam
581 3642 617 3694 'ex
638 3638 745 3695 Rheno
766 3640 892 3713 recepti,
915 3659 977 3712 quae
1001 3637 1155 3710 appellatur

133 3731 262 3800 Vahalis,
278 3729 399 3785 insulam
414 3729 501 3785 efficit
521 3729 703 3800 Batavorum,
718 3749 811 3802 neque
832 3727 946 3804 longius
969 3729 1055 3782 abeo
1074 3727 1156 3782 milli-

132 3825 186 3880 bus
210 3839 345 3898 passuum
373 3819 491 3876 LXXX
516 3819 545 3875 in
572 3819 724 3876 Oceanum
751 3819 860 3876 transit.
911 3818 1033 3873 Rhenus
1062 3829 1154 3874 autem

132 3915 221 3972 oritur
235 3931 271 3970 ex
285 3911 442 3987 Lepores,
458 3910 506 3984 qui
521 3910 610 3986 Alpes
624 3911 764 3979 incolunt,
775 3920 804 3965 et
817 3910 904 3983 longo
916 3907 1009 3981 spatio
1021 3927 1071 3983 per
1085 3910 1156 3965 fines
