2578 4270
136 317 176 374 aa
462 311 511 363 aa
533 310 651 386 sacco
673 309 832 362 camec
970 309 1178 376 [cers-1⁷.

137 454 186 512 fici
200 453 339 525 viderent,
355 454 440 510 armis
455 455 583 530 abjectis,
598 453 744 530 signisque
765 451 937 510 militaribus
955 451 1075 523 relictis,
1091 469 1125 508 se
1139 467 1179 508 ex

138 547 239 602 castris
263 546 427 620 ejecerunt;
449 557 487 614 et,
513 565 600 618 quum
626 545 660 599 ad
686 543 879 600 confluentem
901 542 991 598 Mosae
1014 554 1044 599 et
1070 543 1177 598 Rheni
1227 567 1233 576 ⁴

137 637 341 710 pervenissent,
357 637 466 708 reliqua
482 637 549 710 fuga
564 635 723 708 desperati,
739 653 844 709 magno
864 651 983 689 numero
1005 633 1176 704 interfecto,

137 727 240 800 reliqui
255 745 285 782 se
301 727 328 783 in
345 726 450 782 llunren
472 726 738 799 praecipitaverunt;
762 735 846 796 atque
868 723 908 780 ibi
928 724 1042 793 timore,
1057 723 1177 779 lassitu-

138 815 216 886 dine,
231 817 258 873 vi
282 816 408 872 fluminis
432 817 559 890 oppressi
583 815 737 888 perierunt.
779 813 880 870 Nostri
902 814 938 868 ad
959 832 1048 868 unum
1069 831 1177 870 omnes

138 906 308 977 incolumes,
333 907 484 981 perpaucis
506 905 672 973 vulneratis,
694 923 729 960 ex
753 904 824 960 tanti
848 904 915 960 belli
939 904 1052 973 timore,
1071 921 1176 976 quum

138 997 262 1054 hostium
290 1017 426 1053 numerus
454 997 580 1069 capitum
609 995 757 1050 CDXXX
787 995 909 1050 millium
942 993 1052 1064 luisset,
1081 1013 1114 1050 se
1142 994 1174 1050 in

138 1101 231 1145 castra
252 1098 429 1162 receperunt.
472 1087 569 1142 Casar
594 1085 648 1154 his,
664 1103 734 1158 quos
757 1085 786 1140 in
807 1084 909 1140 castris
929 1085 1100 1153 retinuerat,
1116 1084 1176 1140 dis·

138 1179 259 1234 cedendi
275 1190 442 1253 potestatem
462 1177 548 1232 lecit:
572 1175 612 1232 illi
635 1175 776 1249 supplicia
795 1175 998 1247 cruciatusque
1018 1175 1174 1230 Gallorum

138 1270 230 1337 veriti,
245 1287 365 1341 quorum
390 1286 471 1341 agros
489 1277 668 1335 vexaverant,
689 1284 838 1322 remanere
859 1283 890 1322 sc
912 1265 987 1339 apud
1007 1282 1075 1320 eum
1099 1264 1175 1320 velle

138 1357 278 1414 dixerunt.
323 1357 376 1412 llis
390 1358 486 1412 Caesar
501 1357 661 1412 libertatern
676 1357 828 1412 concessit.

178 1448 259 1504 XVI.
287 1448 462 1504 Germanico
489 1447 564 1502 bello
590 1447 733 1516 consecto,
755 1447 853 1502 multis
880 1447 917 1502 de
945 1445 1040 1503 causis
1069 1445 1173 1504 Caesar

139 1539 237 1594 statuit
251 1539 304 1594 sibi
320 1538 457 1594 erenum
471 1557 533 1594 esse
547 1538 772 1594 transeundum:
795 1555 915 1610 quarum
931 1537 980 1593 illa
1000 1537 1054 1594 fuit
1072 1537 1175 1612 justis-

138 1629 220 1698 sima,
235 1628 322 1703 quod,
338 1648 424 1702 quum
447 1629 555 1684 videret
576 1629 736 1684 Germanos
756 1639 814 1684 tam
838 1625 923 1684 facile
947 1627 1065 1702 impelli,
1084 1639 1118 1684 ut
1139 1629 1172 1684 in

138 1720 261 1776 Galliam
287 1720 426 1789 venirent,
442 1719 501 1775 suis
522 1719 636 1792 quiaque
660 1719 746 1775 rebus
770 1737 820 1775 eos
842 1718 943 1774 timere
964 1717 1064 1787 voluit,
1079 1737 1173 1791 quum

139 1810 331 1886 intelligerent
345 1821 373 1866 et
386 1829 469 1884 posse
483 1821 512 1866 et
527 1810 631 1866 audere
645 1810 743 1884 populi
758 1809 886 1865 Romani
908 1808 1065 1866 exercitum
1087 1807 1173 1864 Rhe-

138 1919 206 1955 num
221 1902 349 1956 transire.
391 1901 525 1956 Accessit
539 1901 636 1969 etiam,
651 1899 728 1973 qudd
750 1900 798 1956 illa
817 1919 883 1974 pars
904 1899 1047 1972 equitatirs
1067 1899 1173 1973 Usipe-

124 1999 199 2044 ·tum
223 2000 251 2045 et
275 1989 536 2060 Tenchtherorum,
559 2009 644 2063 qnam
665 1989 751 2064 suprd
776 1989 997 2046 commemoravi
1018 1989 1170 2064 predandi

138 2078 387 2150 frumentandique
414 2081 501 2135 causa
529 2080 642 2136 Mosam
669 2078 815 2150 transisse,
836 2098 930 2154 neque
955 2079 1057 2155 proelio
1081 2079 1171 2136 inter-

139 2168 235 2237 fuisse,
249 2179 313 2242 post
335 2169 430 2242 fugam
456 2189 572 2225 suornm
596 2187 626 2226 se
650 2180 729 2226 trans
749 2170 888 2227 Rhenum
909 2171 939 2226 in
960 2171 1031 2226 lines
1052 2171 1170 2245 Sigam-

75 2313 79 2320 ,
138 2257 253 2313 brorum
267 2269 423 2330 receperat,
439 2278 525 2331 seque
540 2279 605 2314 cum
623 2261 657 2315 iis
678 2260 873 2334 conjunxerat.
916 2261 964 2316 Ad
985 2279 1055 2334 quos
1077 2279 1168 2333 qaum

138 2347 235 2404 Caesar
256 2348 377 2404 nuncios
401 2349 532 2418 misisset,
548 2351 594 2422 qui
616 2351 803 2424 postularent,
819 2358 898 2421 ‘e0s,
914 2351 962 2424 qui
984 2351 1038 2406 sihi
1051 2351 1169 2407 Galliae·

138 2457 193 2511 qne
214 2439 318 2496 bellnm
341 2439 511 2509 intulissent,
533 2440 587 2496 sibi
612 2441 767 2511 dederent,'
790 2441 1016 2516 responderunt:
1039 2440 1166 2515 ‘Populi

138 2529 264 2587 Romani
286 2530 436 2604 imperium
457 2530 594 2586 Rhenum
616 2532 716 2588 finire:
738 2533 772 2602 si,
788 2552 819 2589 se
840 2533 939 2602 invite,
954 2533 1113 2588 Germanos
1134 2531 1165 2588 in

137 2621 260 2678 Galliam
282 2621 403 2678 transire
425 2641 482 2678 non
511 2641 623 2694 aequum
648 2623 833 2693 existimaret,
857 2642 908 2679 cur
936 2623 980 2678 sui
1009 2623 1164 2696 quidquam

138 2729 199 2768 esse
220 2713 331 2786 imperii
357 2724 405 2768 aut
425 2713 573 2786 potcstatis
597 2723 675 2768 trans
699 2713 838 2769 Rhenum
861 2713 1052 2788 postularetl'
1095 2712 1166 2770 Ubii

139 2813 243 2868 antem,
259 2802 306 2873 qui
322 2803 370 2856 nni
386 2821 422 2857 ex
435 2803 667 2858 Transrhenanis
683 2803 717 2857 ad
735 2803 880 2860 Caesarem
894 2804 1003 2879 legatos
1017 2803 1164 2874 miserant,

140 2889 293 2944 amicitiam
315 2890 450 2958 fecerant,
465 2893 579 2946 obsides
600 2891 746 2960 dederant,
766 2911 939 2969 magnopere
960 2894 1089 2963 orabant,
1112 2900 1166 2950 ‘ut

138 2977 191 3032 sibi
208 2979 342 3032 auxilinm
359 2979 452 3046 ferret,
468 2979 544 3052 quod
559 2981 681 3055 graviter
697 2982 732 3036 ab
752 2984 854 3040 Suavis
873 2995 1069 3058 premerentur
1079 3003 1085 3052 ;
1108 2983 1164 3054 vel,

138 3068 161 3122 si
178 3067 205 3122 id
221 3067 315 3123 facere
336 3070 574 3142 occupationibus
596 3072 760 3145 reipublicae
781 3075 989 3147 prohiberetur,
1004 3075 1164 3130 exercitum

138 3155 223 3212 modo
251 3157 387 3213 Rhenum
415 3168 635 3234 transportaret:
664 3162 691 3216 id
717 3163 771 3218 sibi
800 3165 834 3219 ad
863 3165 1000 3220 auxilium
1027 3183 1164 3239 spemque
1247 3237 1250 3242 Δ

138 3245 240 3318 reliqui
267 3249 401 3320 temporis
428 3248 496 3305 satis
523 3251 668 3308 saturum:
703 3262 814 3309 tantum
841 3273 903 3312 esse
936 3274 1042 3312 nomen
1077 3266 1164 3328 atque

72 3385 76 3394 ,
100 3409 102 3412 Ι
138 3335 302 3409 opinionem
322 3338 382 3411 ejus
406 3340 557 3410 exercitiis,
583 3342 728 3399 Ariovisto
750 3344 843 3417 pulso,
867 3355 896 3400 et
922 3345 978 3401 hoc
1005 3344 1163 3402 novissimo

137 3426 238 3501 proelio
252 3427 336 3496 sacta,
352 3428 437 3484 etiam
454 3429 488 3484 ad
503 3431 617 3486 ultimas
635 3431 844 3488 Germanorum
864 3434 1005 3504 nationes
1020 3433 1062 3490 uti
1084 3434 1165 3507 opin-

139 3518 204 3574 ione
232 3528 259 3574 et
288 3518 414 3574 amicitia
434 3519 531 3593 populi
559 3519 685 3576 Romani
712 3523 767 3578 tuti
791 3541 853 3578 esse
876 3524 994 3597 possint.
1036 3523 1164 3580 Navium

138 3628 270 3683 magnam
286 3609 397 3681 copiam
414 3610 447 3664 ad
462 3610 709 3683 transportandum
723 3613 880 3668 exercitum
893 3613 1121 3686 pollicebantur.¹

178 3699 274 3756 XVII.
305 3699 401 3755 Caesar
424 3699 468 3755 his
492 3699 527 3755 de
549 3699 653 3766 causis,
679 3717 748 3770 quas
770 3702 999 3771 commemoravi,
1025 3702 1163 3760 Rhenum

138 3791 258 3846 transire
281 3791 461 3858 decreverat;
492 3790 542 3845 sed
566 3789 687 3845 navibus
708 3791 828 3846 transire
854 3809 948 3863 neque
975 3791 1043 3848 satis
1071 3803 1165 3848 tutum

139 3895 202 3934 esse
221 3881 418 3948 arbitrabatur,
438 3897 531 3952 neque
552 3897 621 3946 sure,
636 3893 729 3948 neque
748 3880 845 3951 populi
867 3879 994 3936 Rerneni
1015 3881 1165 3956 dignitatis
