2626 4272
155 277 212 338 160
480 275 538 328 Du.
550 275 669 326 netto
691 275 850 326 GALLICO
985 275 1065 342 [On.
1079 277 1204 329 et-ffl:

152 427 217 496 post
242 429 355 496 tergum
380 419 577 496 pugnantibus
603 420 721 490 exstitit,
748 417 826 494 qudd
853 435 937 476 suum
964 417 1128 493 periculum
1160 419 1196 478 in

154 511 247 570 sileni
273 511 371 570 rident
385 512 489 568 virtute
511 511 687 568 consistere:
709 511 806 568 omnis
822 510 899 566 enim
924 509 1105 584 pleritrnque,
1120 529 1200 584 qua

153 602 265 672 absunt,
281 600 479 660 vehementius
493 602 642 660 hominurn
656 612 766 658 mentes
779 601 957 676 perturbant.

191 691 348 752 LXXXV.
376 693 474 750 Coesar
501 692 638 750 idoneum
664 692 762 750 locum
788 701 902 760 nactus,
928 690 997 764 quid
1018 693 1135 766 quique
1157 692 1191 750 irr

151 795 232 858 parte
267 795 393 860 geratur,
427 783 587 860 cognoscit,
621 783 819 840 laborantibus
858 781 996 838 auxilium
1030 783 1189 840 submittit.

151 872 288 948 Utrisque
312 874 348 930 ad
373 873 500 932 animum
521 874 649 930 occurrit
671 892 763 930 unum
790 872 861 928 illud
887 889 950 930 esse
977 883 1101 946 tempus,
1126 892 1192 948 quo

152 963 276 1022 maxime
304 965 442 1022 contendi
467 965 628 1022 conveniat.
679 963 767 1033 Galli,
791 962 848 1020 nisi
873 963 1064 1039 perfregerint
1090 964 1190 1020 muni-

152 1055 256 1126 tiones,
269 1054 306 1112 de
319 1055 398 1112 omni
418 1055 511 1112 salute
530 1055 701 1129 desperant:
722 1053 860 1124 Romani,
875 1054 899 1110 si
913 1071 973 1110 rem
993 1053 1188 1124 obtinuerint,

152 1145 240 1204 finem
266 1146 397 1204 omnium
425 1145 555 1204 laborum
584 1154 758 1219 exspectant.
800 1141 929 1202 Maxime
957 1143 994 1200 ad
1020 1145 1189 1219 superiores

153 1236 330 1294 munitiones
362 1236 517 1307 laboratur,
545 1234 602 1310 qud
637 1235 888 1311 Vergasillaunum
921 1234 1039 1292 missum
1066 1235 1193 1292 demon·

152 1327 311 1384 suavimus.
354 1326 499 1403 Exiguum
520 1326 578 1384 loci
599 1326 635 1382 ad
655 1325 849 1382 declivitatem
877 1324 1023 1401 fastigium
1043 1343 1185 1402 magnum

152 1416 238 1474 habet
259 1429 443 1474 momentum.
485 1417 546 1474 Alii
566 1417 625 1473 tela
645 1416 826 1491 conjiciunt;
849 1415 907 1486 alii,
928 1415 1073 1474 testudine
1094 1417 1185 1490 facti,

151 1508 291 1578 subeunt;
320 1507 482 1584 defatigatis
506 1507 536 1564 in
556 1507 650 1564 vicem
670 1507 775 1583 integri
796 1507 965 1564 succedunt
1007 1507 1118 1583 Agger,
1147 1508 1186 1564 ab

152 1598 293 1656 universis
314 1599 344 1656 in
358 1597 549 1656 munitionem
570 1597 729 1673 conjectus,
745 1608 774 1654 et
795 1615 946 1654 ascensura
967 1597 1016 1654 dat
1036 1597 1141 1668 Gallis,
1155 1608 1184 1656 et

152 1707 197 1760 eu,
211 1708 275 1765 que
299 1689 329 1748 in
353 1700 458 1748 terram
482 1689 698 1746 occultaverant
725 1687 864 1758 Romani,
879 1687 1028 1764 contegito
1046 1705 1104 1746 nec
1122 1688 1184 1764 jam

153 1799 231 1840 uma
246 1781 360 1850 nostris,
374 1799 430 1838 nec
443 1780 517 1837 vires
530 1790 694 1854 suppetunt.

194 1871 367 1930 LXXXVI.
397 1870 453 1928 His
466 1871 552 1928 rebus
566 1871 701 1947 coguitis,
716 1870 814 1928 Caesar
828 1869 989 1928 Labienum
1000 1886 1072 1930 cum
1082 1871 1184 1930 cohor·

152 1962 230 2020 tibus
245 1962 286 2018 Vl
301 1963 429 2022 subsidio
443 1963 639 2022 laborantibus
653 1961 740 2020 mittit
755 1981 762 2020 z
783 1961 914 2037 imperat,
929 1961 952 2018 si
968 1962 1110 2020 sustiuere
1123 1981 1182 2020 non

152 2055 251 2130 possit,
266 2055 400 2113 deductis
427 2056 593 2114 cohortibus
617 2055 767 2130 eruptione
792 2065 920 2131 pugnet;
948 2054 988 2125 id,
1002 2055 1059 2112 nisi
1082 2073 1182 2114 neces-

152 2143 238 2213 sario,
267 2163 304 2202 ne
333 2145 427 2204 faeiat.
469 2145 534 2222 Ipse
561 2147 620 2204 adit
644 2146 790 2221 reliquos;
826 2145 1001 2216 cohortatur,
1025 2163 1062 2204 ne
1089 2145 1180 2204 labori

151 2235 360 2304 succumberem
381 2237 511 2294 omnium
525 2237 704 2313 superiorum
725 2237 944 2296 dimicationum
962 2236 1087 2294 fructum
1101 2236 1181 2294 ineo

152 2325 199 2384 dis
228 2340 313 2400 atque
339 2327 409 2384 hori
425 2327 511 2386 docet
532 2329 699 2388 consistere.
741 2327 906 2397 Interiores,
923 2326 1081 2401 desperatis
1104 2343 1180 2384 cam-

150 2418 294 2494 pestribus
315 2418 386 2476 locis
405 2431 520 2495 propter
547 2420 776 2497 magnitudinem
803 2418 1007 2488 munitionum,
1027 2417 1092 2474 loca
1110 2435 1179 2492 pre·

151 2523 235 2585 rupta
248 2529 283 2568 ex
298 2529 419 2568 ascensu
438 2521 571 2568 tentant:
601 2511 658 2568 buc
671 2529 715 2581 ea,
731 2527 794 2584 quae
815 2519 994 2585 paraverant,
1008 2507 1177 2568 conserunt:

151 2601 336 2660 multitudine
356 2602 478 2660 telorum
499 2620 535 2659 ex
555 2602 682 2660 turribus
702 2610 916 2678 propugnantes
936 2599 1110 2656 deturbant:
1132 2617 1179 2675 ag·

150 2712 219 2770 gere
245 2705 275 2752 et
301 2694 429 2751 cratibus
456 2692 546 2750 fossas
572 2693 697 2768 explent,
726 2693 820 2750 aditus
846 2690 1020 2767 expediunt:
1055 2689 1176 2748 falcibus

150 2785 255 2842 vallum
270 2803 305 2842 ac
319 2785 438 2843 loricam
452 2783 629 2842 rescindunt.

191 2874 380 2932 LXXXVII.
409 2876 508 2932 Cesar
528 2875 616 2932 mittit
628 2873 722 2948 primo
736 2874 859 2934 Brutum
880 2873 1091 2932 adolescentem
1111 2890 1176 2930 cunr

151 2963 318 3021 cohortibus
340 2982 401 3035 sex,
422 2964 488 3040 pdst
512 2983 580 3022 cum
605 2965 669 3022 aliis
696 2976 805 3039 septem
827 2964 862 3022 C.
885 2964 1009 3022 Fnbium
1032 2963 1175 3039 legatum:

150 3053 295 3130 postremo
311 3053 381 3128 ipse,
397 3074 484 3129 quum
506 3053 704 3112 vehementius
716 3065 888 3130 pugnarent,
903 3055 1030 3130 integros
1048 3053 1176 3110 subsidio

151 3145 277 3204 adducit.
319 3144 468 3204 Restituto
481 3146 592 3222 proelio,
608 3165 641 3202 ac
655 3145 777 3220 repulsis
791 3145 931 3215 hostibus,
946 3143 993 3214 ed,
1021 3141 1078 3217 qud
1093 3142 1178 3200 Labi·

150 3254 237 3293 enum
252 3235 378 3306 miserat,
393 3237 561 3306 contendit;
584 3238 716 3294 cohortes
730 3246 851 3309 quatuor
865 3253 898 3292 ex
913 3235 1045 3309 proximo
1057 3233 1174 3292 castello

150 3326 285 3395 deducit3
307 3327 436 3400 equitum
450 3346 481 3384 se
494 3338 605 3402 partem
619 3327 710 3401 sequi,
724 3337 834 3400 partem
849 3326 1003 3385 circumire
1024 3324 1175 3382 exteriores

150 3417 324 3476 munitiones
334 3428 363 3474 et
373 3419 408 3474 ab
418 3429 501 3493 tergo
511 3419 606 3474 hostes
618 3418 722 3474 adoriri
733 3418 822 3493 jubet
858 3415 1014 3485 Labienus,
1026 3426 1172 3490 postquam

150 3527 244 3584 neque
272 3527 390 3586 aggeres
417 3527 512 3582 neque
539 3508 620 3564 fosse
643 3509 699 3564 vim
721 3508 846 3564 hostium
871 3507 1012 3564 sustinere
1035 3516 1173 3580 poterant,

150 3601 259 3660 coactis
281 3599 548 3674 undequadraginta
562 3598 737 3667 cohortibus,
752 3617 823 3672 quas
838 3617 873 3655 ex
885 3597 1023 3672 proximis
1036 3596 1175 3671 presidiis

150 3695 288 3754 deductas
302 3694 359 3752 fors
372 3691 485 3762 obtulit,
496 3691 641 3748 Caesarem
654 3709 704 3765 per
718 3691 840 3748 nuncios
855 3690 924 3746 facit
934 3689 1096 3758 certiorem,
1110 3687 1173 3762 quid

150 3787 313 3846 faciendum
329 3784 479 3844 existimet
521 3781 677 3840 Accelerat
689 3781 798 3850 Caesar,
813 3792 845 3838 ut
858 3780 960 3855 proelio
974 3778 1094 3840 intersit.

189 3875 391 3936 LXXXVIII.
420 3874 490 3950 Ejus
514 3874 638 3932 adventu
652 3889 689 3930 ex
702 3872 798 3930 colore
821 3869 941 3931 vestitis
963 3869 1091 3946 cognito,
1106 3867 1175 3947 (quo

1294 1511 1296 1606 i
