2566 4270
139 314 211 364 cn.
227 315 326 378 9-11.]
499 317 606 367 arasa
628 317 814 372 adurimus.
832 289 836 330 ³
1116 335 1180 396 ut

137 459 280 534 pervenit.
321 458 369 517 Ibi
391 471 493 518 nactus
519 473 666 521 recentem
690 465 858 540 equitatum,
880 485 965 542 quem
987 469 1084 530 multis
1106 471 1172 534 antd

138 549 245 608 diebus
267 550 302 608 ed
326 552 511 627 praemiserat,
534 573 627 628 neque
651 556 763 612 diurno‘
782 569 876 632 neque
900 571 1042 618 nocturno
1069 563 1172 624 itinere

139 641 315 712 intermisso,
329 661 380 718 per
401 643 471 700 fines
492 644 653 702 AEduorum
678 647 706 703 in
730 647 876 726 Lingones
897 652 1054 724 contendit,
1070 655 1118 712 ubi
1141 655 1170 713 ll

137 733 270 808 legiones
285 733 467 804 hiemabant;
490 746 531 806 ut,
546 735 570 792 si
585 737 653 811 quid
667 739 754 795 etiam
769 739 804 796 de
824 742 876 797 sud
897 741 988 798 salute
1010 743 1045 798 ab
1065 743 1170 803 AEduis

140 823 262 880 iniretur
276 825 401 896 consilii,
418 826 564 883 celeritate
577 839 773 902 praecurreret.
816 829 860 888 Ed
875 848 963 905 quum
984 835 1168 908 pervenisset,

141 915 178 971 ad
203 916 327 989 reliquas
350 915 481 992 legiones
504 917 600 989 mittit,
624 917 761 994 priusque
783 921 813 977 in
840 939 930 978 unum
950 923 1046 980 locum
1069 945 1169 984 omues

139 1007 229 1082 cogit,
245 1006 330 1080 quam
352 1008 388 1064 de
409 1007 470 1083 ejus
496 1007 618 1065 adventu
643 1011 781 1068 Arvernis
803 1012 935 1068 nunciari
957 1023 1060 1088 posset.
1102 1015 1169 1074 Hac

138 1117 172 1154 re
186 1099 312 1174 cognita,
324 1098 546 1176 Vercingetorix
560 1111 660 1158 rursus'
671 1101 701 1158 in
716 1101 860 1180 Bituriges
871 1103 1028 1160 exercitum
1040 1103 1169 1177 reducit:

140 1199 226 1262 atque
246 1190 313 1247 inde
327 1181 482 1266 'profectus
505 1192 688 1268 Gergoviam,
712 1193 849 1250 Boiorum
873 1193 1020 1269 oppidum,
1035 1213 1106 1269 quos
1123 1197 1167 1255 ibi

139 1279 294 1338 Helvetico
306 1281 407 1356 proelio
420 1282 511 1340 victos
525 1283 621 1347 Caesar
637 1283 836 1357 collocaverat,
851 1285 1012 1359 AEduisque
1033 1285 1168 1346 attribuo-¹

137 1382 192 1442 rat,
207 1389 372 1448 oppugnare
386 1373 515 1431 instituit.

177 1461 217 1520 X.
246 1459 383 1552 Magnam
410 1463 472 1522 haec
499 1483 544 1522 res
571 1465 679 1523 Oaesari
709 1463 907 1525 difficultatem
942 1469 977 1525 ad
1011 1469 1165 1530 consilium

137 1554 311 1629 capiendum
333 1547 484 1614 afferebat:
506 1557 530 1614 si
551 1557 689 1632 reliquam
710 1570 773 1634 part
774 1577 820 1615 em
844 1559 946 1616 hiemis
970 1579 1028 1618 uno
1048 1562 1078 1619 in
1099 1563 1165 1621 loco

136 1646 267 1721 legiones
294 1647 462 1718 contineret,
493 1667 539 1719 ne,
573 1649 765 1724 stipendiariis
793 1649 955 1706 AEduorum
982 1654 1163 1728 expugnatis,

137 1747 246 1793 cuncta
258 1738 352 1796 Gallia
372 1739 507 1795 deficeret
510 1738 609 1812 ‚qudd
633 1733 743 1796 nullum
769 1741 868 1796 amicis
893 1739 923 1796 in
944 1759 980 1797 eo
999 1738 1168 1816 praesidium

136 1828 246 1885 rideret
259 1829 383 1904 positum
398 1849 476 1900 esse;
498 1830 542 1887 sin
557 1841 615 1886 mat
618 1827 696 1887 urias
711 1850 745 1888 ex
760 1831 888 1887 hibernis
908 1830 1055 1901 educeret,
1070 1849 1106 1889 ne
1128 1831 1163 1890 ab

137 1937 168 1976 re
184 1919 367 1978 frumentaria
382 1922 460 1978 duris
474 1921 707 1979 subvectionibus
727 1922 876 1978 laboraret.
918 1921 1056 1980 Praestare
1071 1924 1163 1982 visum

137 2023 180 2068 est
200 2021 296 2068 tamen
318 2031 417 2070 omnes
437 2013 619 2071 difficultates
639 2013 759 2092 perpeti,
775 2011 871 2088 quam,
886 2013 965 2070 tautd
987 2015 1162 2071 contumelid

137 2103 267 2178 acceptat,
291 2105 420 2161 omniurn
443 2125 559 2162 suorum
581 2107 741 2164 voluntates
766 2105 898 2162 alienare.
940 2103 1040 2179 ltaque
1062 2105 1162 2162 cohor·

136 2205 212 2250 tatus
226 2194 336 2252 AEduos
351 2197 387 2253 de
401 2197 593 2273 supportando
606 2201 779 2267 commeatu,
793 2195 938 2272 praemittit
953 2195 988 2252 ad
1003 2195 1161 2270 Boios,'qui

136 2284 173 2342 de
194 2305 246 2343 suo
274 2287 395 2344 adventu
418 2289 550 2359 doceant,
577 2289 796 2362 hortenturque,
821 2287 905 2344 utin
932 2287 989 2344 fide
1015 2295 1160 2358 maneant,

137 2385 221 2451 atque
247 2378 371 2435 hostiurn
396 2380 533 2454 impetum
561 2399 667 2455 magno
695 2379 791 2434 animo
817 2380 984 2434 sustineant.
1031 2377 1161 2434 Duabus

134 2467 280 2544 Agendici
294 2469 456 2543 legionibus
472 2481 556 2540 atque
576 2467 788 2563 impedimentis
807 2469 894 2524 totius
914 2466 1059 2524 exercitus
1078 2467 1161 2525 relic·

133 2559 181 2628 tis,
197 2558 233 2612 ad
248 2558 335 2612 Boios
348 2557 548 2630 proficiscitur.

175 2645 230 2704 XI
259 2645 360 2700 Altero
375 2645 421 2700 die
435 2663 524 2716 quum
539 2644 573 2700 ad
588 2643 724 2718 op'pidurn
738 2647 886 2729 Senonum
907 2641 1161 2707 Vellaunodunum

136 2737 270 2804 venisset,
285 2753 323 2791 ne
344 2753 428 2808 quem
449 2745 513 2810 post
533 2754 564 2792 se
587 2735 695 2792 hostem
717 2736 899 2810 relinqueret,
915 2735 971 2810 qud
986 2737 1165 2811 expeditior&

136 2845 168 2884 re
192 2825 377 2883 frumentarid
399 2837 534 2898 uteretur,
549 2845 715 2902 oppugnare
738 2826 870 2897 instituit,
886 2827 972 2901 idque
995 2827 1083 2884 biduo
1106 2828 1161 2886 cir·

137 2918 336 2976 cumvallavit:
358 2919 442 2975 tertio
460 2919 506 2976 die
525 2920 618 2976 missis
640 2937 675 2975 ex
696 2919 802 2994 oppido
825 2919 926 2994 legatis
947 2917 982 2974 de
1003 2917 1157 2992 deditione,

136 3027 214 3065 arma
236 3009 364 3084 proferri,
386 3011 515 3086 jumenta
534 3011 665 3086 produci,
687 3010 742 3068 DC
766 3010 880 3066 obsides
901 3009 962 3065 dari
983 3009 1072 3085 jubet.
1114 3011 1158 3071 Ea

133 3100 181 3174 qui
197 3101 360 3172 conticeret,
376 3101 410 3159 C.
425 3101 605 3159 Trebonium
621 3101 747 3175 legatum
762 3100 911 3174 relinquit:
934 3101 1004 3175 ipse,
1015 3109 1047 3157 ut
1061 3119 1163 3175 quam·'

133 3191 255 3266 primurn
271 3194 323 3249 iter
339 3194 454 3263 faceret,
469 3194 621 3250 Genabum
636 3192 796 3248 Carnutum
809 3191 1009 3266 proficiscitur,
1022 3191 1081 3265 qui,
1095 3202 1157 3252 tum

132 3282 256 3358 primum
281 3285 365 3341 allato
386 3285 496 3340 nuncio
520 3283 556 3340 de
580 3283 793 3358 oppugnatione
816 3281 1040 3353 Vellaunoduni,
1067 3302 1157 3357 quum

131 3371 247 3449 longius
267 3391 329 3430 eam
350 3393 409 3432 rem
434 3375 553 3430 ductum
577 3374 612 3431 iri
635 3374 838 3444 existimarent,
859 3373 1022 3448 praesidium
1042 3373 1156 3432 Genabi

131 3464 231 3522 tuendi
257 3466 354 3535 causa,
382 3463 458 3539 quod
482 3464 517 3522 eb
542 3466 697 3534 mitterent,
722 3465 932 3540 comparabant.
974 3463 1043 3520 Huc
1067 3465 1156 3522 biduo

131 3555 279 3632 pervenit:
302 3556 402 3612 castris
417 3565 481 3612 ante
502 3556 636 3630 oppidani
657 3556 766 3630 positis,
781 3555 838 3612 diei
862 3566 989 3629 ternpore
1011 3554 1154 3624 exclusus,

132 3648 161 3705 in
185 3658 330 3722 posterum
353 3647 594 3722 oppugnationem
615 3647 717 3716 differt,
732 3665 852 3721 quaeque
873 3646 908 3702 ad
930 3664 993 3702 earn
1015 3661 1075 3699 rern
1090 3643 1155 3700 usui

131 3737 197 3807 sint,
212 3735 351 3794 militibus
372 3737 506 3812 imperat3
528 3749 565 3808 et,
581 3735 657 3811 quod
682 3738 817 3812 oppidum
838 3737 991 3802 Genabum
1011 3749 1083 3806 pons
1104 3729 1156 3788 flu-

131 3829 217 3888 minis
231 3829 343 3906 Ligeris
357 3827 531 3900 continebat,
546 3829 652 3886 veritus
676 3845 713 3885 ne
733 3839 822 3884 noctu
843 3843 878 3882 ex
898 3822 1004 3898 oppido
1022 3819 1156 3898 profuge·

106 3931 203 3986 'rent
231 3920 303 3978 duas
329 3921 457 3996 legiones
484 3919 513 3977 in
540 3921 626 3977 armis
652 3919 796 3976 excubare
826 3914 915 3990 jubet.
956 3909 1154 3985 Genabansss,
