2578 4270
119 271 157 334 14
450 266 499 318 na
519 267 636 318 sunno
659 265 819 316 caniaco
951 265 1029 329 [cn.
1045 265 1154 314 m-aa.

118 412 168 472 illa
180 429 243 471 esse
255 427 332 483 vera,
340 429 396 470 nec
407 429 580 485 quemquam
590 427 626 466 ex
636 427 671 466 eo
680 409 754 483 plus,
767 406 853 482 quim
864 425 905 478 se,
916 407 1023 464 doloris
1034 426 1154 482 capere,

120 515 269 581 propterea
292 502 379 576 quod,
407 521 495 576 quum
518 502 579 576 ipse
605 500 697 576 gratia
721 496 877 574 plurimum
901 499 979 554 domi
1006 509 1091 572 atque
1119 499 1153 556 in

120 595 230 667 reliqua
243 593 349 662 Gallia,
364 592 412 648 ille
426 589 577 648 minimum
597 602 711 665 propter
734 589 955 645 adolescentiam
976 601 1082 662 posset,
1098 608 1154 663 per

121 701 152 740 se
166 683 318 740 crevisset:
340 682 443 756 quibus
457 682 560 756 opibus
575 699 609 736 ac
623 680 717 739 neruis
731 699 788 736 non
803 677 897 736 solum
912 677 947 734 ad
961 679 1154 736 minuendam

121 774 253 849 gratiam,
268 773 317 829 sed
331 790 413 846 paene
428 771 463 828 ad
476 771 634 846 perniciem
653 789 734 827 suam
754 780 899 827 uteretur:
921 788 984 826 sese
1002 781 1099 826 tamen
1121 781 1154 827 et

123 881 218 920 amore
240 863 365 920 fraterno
391 869 420 918 et
440 861 650 918 existimatione
677 861 755 936 vulgi
783 833 1000 917 commoveris
1005 859 1098 921 Quod
1124 861 1151 918 si

123 954 190 1027 quid
215 953 242 1010 ei
264 971 281 1009 a
305 953 419 1009 Caesare
443 953 557 1028 gravius
583 951 745 1020 accidisset,
768 969 856 1024 quum
881 950 941 1026 ipse
966 970 1032 1008 eum
1053 951 1152 1008 locum

124 1043 256 1100 amicitie
272 1043 347 1117 apud
368 1061 435 1099 eum
457 1053 578 1114 teneret,
593 1041 738 1098 neminem
762 1041 1002 1112 existimaturum,
1016 1061 1075 1098 non
1097 1043 1152 1098 suri

123 1133 267 1190 voluntate
282 1134 405 1190 factum:
427 1134 484 1206 qud
498 1151 534 1190 ex
548 1151 579 1189 re
593 1133 730 1202 futurum,
746 1129 787 1188 uti
806 1132 895 1188 totius
914 1133 1017 1188 Galliae
1032 1132 1120 1188 animi
1136 1151 1155 1188 a

123 1241 154 1279 se
176 1197 404 1280 averteremus
427 1223 501 1279 Haec
525 1241 612 1296 quum
634 1223 764 1297 pluribus
786 1222 880 1278 verbis
903 1221 974 1278 flens
995 1242 1011 1278 a
1035 1222 1153 1280 Caesare

123 1324 242 1388 peteret,
257 1314 354 1370 Cesar
378 1314 440 1388 ejus
464 1313 591 1368 dextram
610 1313 743 1386 prendit:
766 1313 930 1369 consolatus
951 1323 1042 1389 rogat,
1064 1313 1154 1370 finem

124 1403 224 1468 orandi
239 1404 340 1460 saciat:
362 1403 434 1460 tanti
455 1403 517 1478 ejus
539 1403 613 1478 apud
634 1421 664 1459 se
685 1403 805 1478 gratiam
828 1422 890 1460 esse
910 1403 1044 1474 ostendit,
1059 1403 1100 1460 uti
1122 1413 1154 1461 et

124 1493 289 1568 reipublice
305 1493 437 1568 injuriam
451 1503 480 1550 et
493 1509 576 1572 suum
592 1494 718 1550 dolorem
733 1494 795 1568 ejus
809 1495 947 1550 voluntati
964 1513 997 1550 ac
1015 1495 1153 1570 precibus

125 1583 277 1640 condonet.
318 1584 527 1660 Dumnorigem
543 1581 622 1643 adse
640 1596 739 1654 vocat;
762 1585 877 1642 fratrem
893 1585 1022 1655 adhibet;
1044 1605 1107 1660 quae
1121 1586 1154 1642 in

125 1691 160 1730 eo
173 1674 371 1749 reprehendat,
386 1676 527 1744 ostendit;
550 1695 613 1750 quae
632 1675 692 1750 ipse
713 1676 941 1751 intelligatque
964 1676 1066 1732 civitas
1084 1693 1154 1750 que-

124 1775 211 1834 ratur,
234 1767 381 1840 proponit:
411 1777 517 1836 monet‚
542 1778 573 1823 ut
601 1766 630 1822 in
658 1767 800 1840 reliquum
827 1777 939 1841 tempus
966 1785 1065 1824 omnes
1092 1786 1155 1824 sus·

124 1856 253 1930 piciones
279 1857 363 1926 vitet3
391 1857 534 1931 praeterita
557 1875 588 1914 se
612 1857 757 1914 Divitiaco
782 1857 860 1913 fratri
885 1858 1048 1915 condonare
1072 1857 1152 1915 dicit.

125 1945 298 2022 Dumnorigi
320 1947 453 2022 custodes
474 1948 564 2022 ponit,
579 1959 621 2016 ut,
636 1968 699 2022 quae
725 1959 799 2024 agat,
815 1948 986 2021 quibuscum
1010 1949 1153 2024 loquatur,

125 2037 200 2094 scire
222 2038 319 2112 possit.

165 2127 250 2185 XXI.
279 2129 389 2186 Eodem
416 2129 463 2187 die
491 2131 526 2186 ab
550 2129 776 2204 exploratoribus
804 2130 909 2187 certior
934 2131 1026 2187 lactus
1058 2131 1154 2190 hostes

126 2222 178 2280 sub
199 2233 296 2278 monte
316 2221 480 2278 consedisse
500 2222 590 2276 millia
610 2241 746 2295 passuum
772 2221 807 2276 ab
832 2221 921 2296 ipsius
945 2221 1046 2279 castris
1068 2234 1151 2292 octo;

126 2313 217 2386 qualis
231 2323 305 2370 esset
326 2323 428 2368 natura
448 2311 562 2380 montis,
579 2321 606 2368 et
628 2311 720 2384 qualis
740 2298 919 2369 incircuitu
943 2332 1087 2384 ascensus,
1103 2315 1151 2388 qui

126 2413 343 2477 cognoscerent,
371 2402 455 2458 misit.
511 2401 728 2458 Renunciatum
756 2413 808 2473 est,
838 2403 951 2460 facilem
979 2397 1081 2461 esse!
1104 2403 1151 2462 De

125 2493 209 2549 tertia
230 2493 327 2570 vigilia
346 2492 383 2550 T.
399 2493 569 2563 Labienum,
584 2493 709 2568 legatum
730 2513 782 2568 pro
803 2505 934 2568 praetore,
950 2514 1016 2552 cum
1041 2495 1152 2552 duabus

125 2583 286 2660 legionibus
301 2595 329 2642 et
343 2584 524 2654 iis'duoibus,
540 2584 588 2657 qui
603 2584 656 2640 iter
671 2596 873 2660 cognoverant,
889 2605 1032 2642 summum
1050 2586 1150 2661 jugum

126 2675 230 2731 montis
245 2676 399 2732 ascendere
411 2675 510 2750 jubet3
533 2675 601 2748 quid
616 2676 660 2730 sui
675 2677 788 2732 consilii
803 2676 848 2746 sit,
861 2675 1013 2738 ostendit!
1034 2675 1100 2750 lpse
1115 2677 1151 2732 de

127 2776 226 2836 quarta
240 2765 337 2839 vigilie
352 2766 452 2820 eodem
467 2766 579 2834 itinere,
595 2784 651 2838 quo
665 2766 760 2819 hostes
775 2766 876 2832 ierant,
889 2767 923 2820 ad
934 2785 983 2822 eos
994 2767 1150 2837 contendit,

127 2853 341 2926 equitatumque
355 2873 469 2910 omnem
485 2865 549 2908 ante
564 2873 594 2909 se
608 2854 702 2908 mittit.
744 2853 775 2907 P.
793 2853 957 2922 Considius
973 2857 1021 2926 qui
1035 2858 1077 2912 rei
1091 2858 1150 2914 mil·

127 2943 206 2998 itatis
220 2943 408 3016 peritissimus
422 2943 590 3012 habebatur,
605 2953 633 2996 et
648 2941 677 2996 in
698 2941 825 2997 exercitu
848 2942 879 2998 L.
898 2943 984 3000 Sullae
1005 2955 1033 3002 et
1053 2959 1149 3022 postea

127 3031 212 3112 inM.
229 3032 326 3088 Crassi
342 3031 442 3100 suerat,
459 3050 525 3086 cum
540 3032 764 3106 exploratoribus
777 3033 966 3109 prae-mittitur.

166 3122 266 3178 XXII.
295 3122 391 3178 Prima
406 3122 481 3192 luce,
497 3142 583 3196 quum
604 3143 731 3180 summus
752 3143 834 3180 mons
855 3144 871 3180 a
891 3125 928 3182 T.
945 3125 1075 3183 Labieno
1092 3138 1151 3184 ten-

127 3223 231 3282 eretur,
248 3213 307 3286 ipse
323 3213 357 3268 ab
372 3212 494 3268 hostium
509 3214 610 3270 castris
626 3234 684 3270 non
706 3215 820 3292 longius
841 3216 918 3273 mille
939 3228 966 3273 et
987 3217 1150 3293 quingentis

126 3303 257 3374 passibus
282 3303 400 3372 abesset,
422 3321 524 3376 neque,
553 3315 585 3360 ut
602 3316 702 3379 postea
725 3325 759 3364 ex
780 3307 900 3381 'captivis
928 3309 1076 3381 comperit,
1105 3319 1151 3366 aut

127 3389 218 3465 ipsius
241 3393 376 3450 adventus
402 3403 449 3450 aut
468 3393 593 3451 Labieni
614 3396 746 3470 cognitus
767 3408 852 3467 esset,
880 3398 1046 3468 Considius,
1075 3418 1147 3472 equo

128 3475 261 3552 admisso,
286 3483 408 3540 adeum
431 3484 572 3552 accurrit;
604 3485 674 3542 dicit
704 3499 839 3556 montem,
868 3506 952 3560 quem
981 3507 996 3544 a
1024 3489 1150 3548 Labieno

126 3573 263 3646 occupari
284 3573 414 3644 voluerit,
439 3575 474 3629 ab
497 3574 625 3630 hostibus
649 3577 756 3645 teneri3
780 3577 808 3632 id
832 3597 862 3634 se
888 3597 904 3633 a
925 3579 1046 3636 Gallicis
1068 3579 1149 3636 armis

128 3673 212 3735 atque
226 3664 386 3739 insignibus
400 3665 575 3738 cognovisse.
618 3665 714 3722 Caesar
736 3687 801 3723 suas
823 3669 922 3742 copias
944 3671 972 3725 in
991 3669 1148 3743 proximum

127 3753 229 3808 collem
244 3754 387 3824 subducit,
403 3755 495 3811 aciem
514 3755 636 3812 instruit.
678 3755 833 3827 Labicum,
849 3771 880 3815 ut
901 3769 961 3816 erat
982 3760 1008 3816 ei
1029 3777 1150 3835 praecep-

126 3850 187 3898 tum
202 3861 219 3898 a
232 3843 355 3914 Cesare,
370 3863 406 3901 ne
419 3845 550 3920 proelium
566 3847 765 3916 committeret,
781 3849 834 3904 nisi
851 3849 939 3927 ipsius
958 3849 1048 3924 copiae
1064 3869 1148 3924 prope
1241 3887 1248 3900 ·
