2566 4270
117 289 175 350 m
443 251 492 332 bn
514 280 632 330 annno
655 279 815 328 exnmoo
944 278 1023 342 [cn.
1039 277 1147 330 or-co.

115 429 244 506 legiones
270 423 457 501 recipiuntur.
512 423 546 481 Si
573 424 631 498 qua
658 423 688 480 in
714 432 794 497 parte
821 419 912 478 nostri
938 419 1070 478 laborare
1099 433 1148 478 aut

117 519 230 596 gravius
252 517 344 594 premi
366 516 546 586 videbantur,
570 515 606 571 ed
634 515 717 590 signa
744 513 842 570 inferri
869 507 968 568 Caesar
996 512 1148 585 aciemque

116 610 244 667 converti
262 609 398 684 jubebat:
419 625 548 680 quaeres
569 616 598 663 et
610 605 707 662 hostes
721 604 757 660 ad
771 603 982 675 insequendum
1005 603 1146 673 tardabat,

117 711 145 758 et
158 710 270 757 nostros
283 717 333 774 spe
349 697 446 755 auxilii
461 697 655 754 confirmabat.
697 695 832 750 Tandem
846 693 985 750 Germani
1000 694 1035 749 ab
1047 693 1148 750 dextro

117 791 372 861 latere,summu1n
390 789 492 864 jugum
510 787 599 856 nacti,
613 787 709 843 hostes
729 786 795 841 loco
817 785 981 858 depellunt;
1004 784 1148 859 fugientes

117 899 208 956 usque
235 881 270 936 ad
292 879 409 948 flumen,
434 878 484 934 ubi
508 877 729 952 Vercingetorix
755 894 822 931 cum
848 875 1028 949 pedestribus
1056 875 1148 949 copiis

120 971 297 1040 consederat,
316 977 535 1044 persequuntur,
557 967 775 1042 compluresque
797 965 980 1022 interficiunt.
1021 965 1093 1026 Qua
1117 983 1148 1021 re

120 1061 327 1130 animadversi,
341 1058 454 1133 reliqui,
469 1076 506 1115 ne
521 1057 807 1127 circumvenirentur,
821 1056 914 1126 veriti,
929 1075 959 1114 se
974 1057 1049 1132 lugae
1070 1075 1149 1112 man·

120 1152 197 1210 dant.
237 1151 382 1208 Omnibus
395 1149 467 1207 locis
481 1149 513 1206 fit
526 1149 639 1206 caedes:
660 1160 718 1205 tres
731 1147 902 1205 nobilissimi
916 1147 1006 1204 AEdui
1020 1147 1097 1222 capti
1114 1148 1149 1203 ad

120 1243 264 1299 Cesaram
284 1241 498 1317 perducuntur:
520 1240 622 1310 Cotus,
639 1239 792 1314 prefectus
813 1239 951 1312 equitum,
966 1237 1016 1312 qui
1037 1248 1150 1294 contro-

120 1334 241 1390 versiam
268 1351 335 1390 cum
363 1333 593 1390 Convictolitane
617 1332 753 1407 proximis
781 1331 905 1388 comitiis
932 1331 1090 1400 babuerat;
1121 1339 1151 1387 et
1201 1384 1205 1390 ,
1269 1339 1271 1376 t

120 1423 290 1494 Cauarillus,
318 1423 367 1497 qni
394 1434 458 1498 post
484 1423 677 1480 defectionem
701 1422 824 1479 Litavici
850 1422 1031 1497 pedestribus
1058 1423 1150 1497 copiis

119 1514 288 1590 premerem
317 1524 346 1570 et
373 1513 560 1588 Eporedorix,
582 1533 640 1587 quo
661 1513 736 1569 duce
761 1523 827 1570 ante
849 1513 1001 1568 adventum
1025 1513 1150 1570 Caesaris

122 1604 210 1662 AEdui
225 1623 292 1660 cum
307 1604 540 1678 Sequanis'bello
553 1604 769 1660 contenderant.

132 1720 136 1731 ·
161 1694 301 1752 LXVlll.
331 1695 443 1770 Fugato
456 1694 535 1750 omni
557 1695 696 1768 equitatu,
711 1693 933 1770 Vercingetorix
954 1695 1052 1768 copias
1074 1713 1150 1766 suas,

123 1796 154 1843 ut
167 1803 219 1860 pro
233 1786 547 1855 castriscollocaverat,
562 1785 692 1854 reduxit;
714 1785 902 1860 protinusque
920 1785 1060 1855 Alesiam,
1074 1787 1151 1860 quod

123 1889 166 1935 est
174 1877 314 1951 oppidum
331 1876 563 1946 Mandubiorum,
579 1876 631 1932 iter
647 1876 741 1932 lacere
763 1877 868 1950 ooepit;
890 1876 1079 1949 celeriterque
1101 1877 1152 1933 im-

35 2014 38 2018 .
123 1968 285 2042 pedimenta
301 1981 340 2024 ex'
356 1969 457 2024 castris
477 1967 562 2024 educi
587 1978 615 2022 et
639 1985 669 2022 se
691 1967 825 2040 subsequi
845 1967 937 2041 jussit.
979 1967 1086 2037 Caesar,
1102 1967 1153 2023 im·

123 2058 295 2131 pedimentis
310 2059 337 2114 in
353 2059 511 2132 proximum
527 2057 629 2114 collem
646 2057 787 2127 deductis,
803 2057 969 2131 duabusque
989 2057 1152 2133 legionibus

123 2148 256 2222 pr'aesidio
280 2149 396 2216 relictis,
418 2161 545 2217 secutus,
569 2147 708 2222 quantum
732 2149 790 2205 diei
817 2159 930 2250 tempus
957 2159 999 2204 est
1025 2167 1151 2223 passum,

125 2239 240 2294 circiter
255 2237 346 2293 tribus
360 2238 486 2294 millibus
500 2239 623 2294 bostium
638 2257 673 2294 ex
686 2239 840 2294 novissimo
855 2239 968 2314 agmine
983 2239 1152 2307 intersectis,

125 2327 214 2384 altero
227 2327 274 2384 die
288 2327 323 2383 ad
345 2328 473 2384 Alesiam
494 2342 588 2386 castra
610 2329 686 2386 lecit.
727 2329 883 2403 Perspecto
907 2329 985 2385 urbis
1008 2329 1065 2386 situ
1068 2347 1153 2420 ,per-

123 2419 285 2491 territisque
300 2418 437 2486 hostibus,
452 2420 529 2492 quod
543 2421 682 2494 equitatu,
698 2439 754 2493 qua
769 2418 892 2476 maxime
906 2431 987 2495 parte
1007 2416 1153 2478 exercitiis

11 2499 12 2560 ζ
86 2519 89 2524 “
125 2509 316 2577 confidebant,
331 2522 412 2566 erant
426 2510 510 2584 pulsi,
526 2511 691 2568 adhortatus
706 2511 741 2567 ad
749 2501 882 2568 laborem
896 2511 1010 2582 milites,
1022 2511 1153 2568 Alesiam

11 2587 13 2622 ³
124 2600 360 2658 circumvallare
354 2601 485 2658 instituit.

164 2691 275 2748 LXlX.
303 2691 400 2794 lpsum
415 2703 475 2749 erat
489 2692 648 2788 oppidum
641 2711 670 2749 m
685 2692 759 2748 colle
773 2711 894 2761 summo,
907 2691 1060 2748 admodum
1074 2691 1154 2748 edito

124 2780 199 2850 loco,
215 2794 255 2850 ut,
270 2781 324 2838 nisi
317 2763 502 2853 obsidione,
513 2783 669 2858 expugnari
684 2802 742 2840 non
762 2801 846 2858 posse
866 2782 1018 2840 videretur.
1061 2782 1154 2857 Cujus

126 2871 207 2926 collis
222 2871 332 2927 radices
346 2873 404 2928 duo
417 2875 528 2930 duabus
542 2892 576 2929 ex
590 2873 718 2947 partibus
730 2873 849 2929 flumina
859 2873 1038 2930 subluebant.
1074 2873 1154 2930 Ante

126 2959 155 3016 id
169 2960 304 3034 oppidum
319 2962 451 3034 planities
465 2964 579 3020 circiter
592 2963 681 3019 millia
694 2983 829 3038 passuum
843 2962 888 3018 ΙΙΙ
900 2963 928 3018 in
944 2963 1154 3038 longitudinem

125 3050 256 3125 patebat:
278 3050 395 3124 reliquis
409 3071 443 3109 ex
457 3055 590 3110 omnibus
603 3055 731 3129 partibus
743 3054 840 3123 colles,
852 3053 991 3110 mediocri
1003 3053 1155 3128 interjecto

126 3141 227 3216 spatio,
242 3141 303 3215 pari
320 3142 476 3200 altitudinis
492 3145 614 3220 fastigio,
629 3144 764 3218 oppidum
780 3145 942 3220 cingebant.
985 3145 1046 3200 Sub
1060 3163 1153 3215 muro,

126 3249 189 3304 quae
211 3249 276 3304 pars
298 3231 379 3288 collis
407 3234 440 3287 ad
469 3235 608 3291 orientem
636 3235 725 3294 solem
755 3235 912 3307 spectabat,
934 3233 1012 3290 hunc
1038 3253 1154 3290 omnem

127 3321 221 3376 locum
245 3320 335 3394 copiae
359 3323 506 3378 Gallorum
530 3326 751 3398 compleverant,
768 3325 928 3397 fossamque
949 3335 977 3380 et
998 3326 1154 3380 maceriam

127 3429 176 3466 sex
192 3411 218 3466 in
236 3411 413 3468 altitudinem
431 3413 535 3485 pedum
555 3416 762 3487 praeduxerant.
806 3415 876 3489 Ejus
897 3415 1074 3483 munitionis,
1090 3433 1154 3488 quae

127 3501 162 3558 ab
175 3500 315 3557 Romanis
327 3501 535 3571 instituebatur,
548 3503 685 3560 circuitus
696 3505 740 3560 XI
753 3505 872 3562 millium
883 3523 1019 3579 passuum
1029 3506 1154 3563 tenebat

127 3591 229 3648 Castra
255 3592 422 3666 opportunis
449 3591 521 3649 locis
544 3606 625 3650 erant
651 3597 753 3669 posita,
777 3597 874 3668 ibique
901 3597 1019 3652 castella
1046 3595 1155 3652 XXIll

127 3682 395 3756 facta;quibus1n
417 3684 541 3739 castellis
562 3685 686 3741 interdiu
708 3686 845 3742 stationes
867 3687 1101 3762 disponebantur,
1117 3705 1155 3744 ne

127 3789 183 3843 qua
196 3772 313 3830 subito'
307 3774 426 3846 irruptio
443 3773 541 3829 fieret·
564 3772 634 3830 haec
647 3777 746 3832 eadem
768 3787 856 3833 noctu
881 3777 1098 3878 excubitoribus
1120 3795 1155 3834 ac

127 3859 216 3923 nmis
228 3863 368 3936 presidiis
381 3863 559 3920 tenebantur
