2578 4270
129 291 173 347 76
374 348 379 359 Ι
459 287 507 338 DE
530 287 647 338 Beato
669 288 828 338 cantico
964 287 1045 352 [Cir.
1064 286 1180 335 10-12

134 431 254 502 clarent,
277 429 444 506 ‘superiore
470 441 566 502 nocte,
588 431 713 488 maximi
740 430 840 488 coorta
867 438 1048 505 tempestate,
1078 447 1180 503 prope

133 540 234 576 omnes
247 541 333 577 naves
348 522 476 592 afflictas,
493 534 577 596 atque
592 523 621 578 in
635 523 718 579 litore
739 523 846 597 ejectas
867 539 948 589 esse;
970 519 1049 594 qnbd
1072 537 1179 592 neque

134 629 247 668 ancoras
270 611 409 686 funesque
435 613 633 682 subsisterent,
655 631 749 686 neque
777 623 871 669 nautae
899 612 1178 687 gubernatoresque

133 701 190 756 vim
210 702 269 776 pati
290 703 466 778 tempestatis
485 715 620 778 possent:
642 703 739 776 itaque
762 721 797 759 er
818 721 854 759 eo
878 720 1022 758 concursu
1046 702 1176 756 navium

133 811 270 867 magnum
284 811 347 850 esse
360 793 576 850 incommodum
591 795 760 868 acceptum.¹

172 882 226 940 XI.
255 883 312 940 llis
325 884 411 940 rebus
431 884 565 959 coguitis,
580 884 677 940 Caesar
697 884 826 960 legiones
846 884 1067 957 equitatumque
1089 900 1175 938 revo-

133 973 193 1029 cari
217 984 302 1047 atque
326 974 428 1031 itinere
450 975 587 1030 desistere
607 975 705 1050 jubet:
738 974 799 1048 ipse
823 973 859 1030 ad
880 992 967 1030 naves
994 973 1172 1029 revertitur:

133 1063 233 1120 eadem
255 1062 325 1135 sere,
340 1084 403 1139 quae
423 1083 459 1122 err
478 1065 593 1122 nunciis
614 1065 762 1138 literisque
783 1073 966 1139 cognoverat,
981 1062 1083 1120 coram
1104 1081 1173 1138 per·

132 1153 228 1228 spicit,
242 1155 285 1212 sic
299 1166 341 1226 ut,
356 1155 467 1212 aniissis
482 1156 597 1212 circiter
611 1155 668 1211 XL
682 1155 812 1224 navibus,
827 1154 944 1227 reliquae
963 1163 1062 1210 tamen
1085 1155 1171 1210 refici

132 1263 215 1320 posse
235 1265 340 1322 mmo
360 1245 476 1322 negotio
496 1246 667 1302 viderentur.
709 1244 810 1318 Itaque
830 1263 867 1302 ex
886 1245 1050 1320 legionibus
1070 1244 1171 1301 fabros

132 1331 249 1410 delegit,
264 1349 293 1392 et
306 1353 342 1392 ex
355 1336 515 1394 continenti
537 1337 607 1392 alios
628 1335 760 1392 arcessiri
778 1335 877 1411 jubet;
900 1335 1031 1392 Labieno
1051 1336 1169 1406 scribit,

133 1435 174 1494 ut,
189 1427 275 1500 quiam
295 1426 432 1501 plurimas
451 1437 557 1502 posset,
571 1426 607 1483 iis
627 1426 800 1502 legionibus,
816 1445 879 1500 quae
899 1437 966 1482 sunt
988 1427 1064 1500 apud
1086 1445 1168 1496 eum,

132 1533 219 1572 naves
241 1517 378 1574 instituat.
419 1516 494 1592 lpse,
516 1517 569 1574 etsi
593 1536 640 1574 res
661 1528 723 1574 erat
744 1517 842 1574 multae
866 1536 960 1591 operae
990 1535 1024 1573 ac
1045 1517 1167 1586 laboris,

132 1616 228 1664 tamen
250 1608 514 1664 commodissimum
537 1627 601 1664 esse
624 1609 733 1678 statuit,
755 1627 855 1664 omnes
881 1627 968 1664 naves
990 1608 1115 1664 subduci
1138 1619 1167 1663 et

133 1715 199 1754 curn
214 1700 314 1756 castris
329 1700 384 1755 uni
400 1699 559 1756 munitione
574 1699 719 1774 conjungi.
761 1698 795 1754 In
811 1699 855 1754 his
870 1700 955 1754 rebus
969 1699 1087 1754 circiter
1102 1699 1167 1754 dies

133 1788 234 1846 decern
249 1789 402 1860 consumit,
417 1809 454 1847 ne
475 1791 623 1846 nocturnis
642 1790 758 1863 quidem
780 1790 957 1864 temporibus
979 1791 1012 1844 ad
1035 1791 1165 1846 laborem

133 1879 255 1935 militum
282 1881 458 1938 intermissis.
511 1880 668 1938 Subductis
694 1881 825 1949 navibus,
855 1881 1015 1954 castrisque
1043 1880 1165 1956 egregie

133 1969 260 2038 munitis,
274 1971 388 2028 easdem
409 1972 516 2046 copias,
541 1991 611 2046 quas
636 1969 712 2040 ante,
726 1971 861 2044 praesidio
882 1972 1003 2027 naribus
1025 1972 1163 2044 reliquit:

134 2056 193 2130 ipse
214 2057 325 2130 ebdem,
350 2061 427 2118 unde
450 2063 582 2132 redierat,
602 2061 802 2136 proficiscitur.
844 2060 888 2116 Εὸ
914 2081 1002 2134 quum
1024 2063 1162 2133 venisset,

133 2147 254 2221 majores
271 2148 329 2222 jam
344 2150 470 2223 undique
491 2153 520 2208 in
543 2172 609 2210 eum
630 2152 726 2208 locum
749 2151 840 2225 copiae
865 2152 1070 2208 Britannorum
1094 2173 1164 2209 con-

133 2249 279 2308 venerant,
293 2239 404 2294 summai
420 2239 530 2314 imperii
545 2243 669 2316 bellique
684 2242 902 2298 administrandi
924 2243 1071 2298 communi
1093 2263 1164 2299 con-

133 2327 198 2384 silio
211 2329 350 2402 permissit
364 2329 589 2402 Cassiuellauno,
605 2333 688 2406 cujus
707 2332 779 2389 lines
794 2352 810 2388 a
825 2333 975 2390 maritimis
996 2334 1162 2391 civitatibus

133 2417 239 2476 flumen
253 2419 363 2489 dividit,
377 2420 453 2493 quod
469 2421 623 2495 appellatur
641 2423 785 2493 Tamesis,
802 2442 818 2479 a
838 2425 910 2480 mari
932 2425 1048 2480 circiter
1069 2426 1162 2482 millia

132 2527 268 2585 passuum
283 2511 409 2568 LXXX.
452 2510 531 2567 Iluic
552 2513 698 2587 superiore
718 2524 847 2588 ternpore
868 2534 935 2571 cum
955 2515 1073 2589 reliquis
1092 2516 1160 2572 civi·

133 2602 239 2659 tatibus
260 2602 438 2660 continentia
462 2602 536 2660 bella
560 2603 800 2660 intercesserant:
832 2605 883 2661 sed
910 2617 1009 2662 nostro
1036 2607 1159 2664 adventu

132 2695 254 2766 permoti
270 2694 398 2751 Britanni
414 2694 491 2750 hunc
505 2693 557 2750 toti
572 2694 647 2750 bello
661 2694 838 2769 imperioque
850 2696 1046 2770 praesecerant.

173 2783 242 2838 XII.
273 2784 427 2840 Britannia
441 2805 507 2859 pars
521 2784 639 2840 interior
661 2784 696 2840 ab
717 2785 752 2840 iis
774 2785 919 2856 incolitur,
935 2805 1006 2861 quos
1026 2799 1108 2844 natos
1128 2787 1158 2844 in

135 2869 227 2924 insula
244 2872 303 2943 ipsa
318 2875 455 2934 memoria
468 2875 611 2948 proditum
626 2873 744 2931 dicunt:
766 2877 909 2934 maritima
922 2897 988 2952 pars
1003 2879 1037 2934 ab
1052 2879 1096 2949 iis,
1109 2879 1158 2952 qui

134 2958 236 3032 predae
252 2977 285 3014 ac
300 2961 371 3016 belli
383 2961 520 3018 inserendi
536 2963 622 3020 causti
637 2981 672 3020 ex
683 2963 780 3040 Belgis
791 2968 962 3024 transierant
971 2990 978 3037 3
1000 2969 1048 3042 qui
1059 2989 1158 3026 omnes

135 3046 194 3102 serti
211 3047 245 3134 iis
259 3049 422 3119 nominibus
436 3052 583 3109 civitatum
599 3054 786 3128 appellantur,
801 3057 905 3130 quibus
920 3060 975 3115 orti
990 3079 1024 3116 ex
1038 3060 1157 3116 civitati·

135 3135 188 3190 bus
202 3136 236 3192 eb
250 3138 448 3211 pervenerunt,
463 3153 491 3197 et
505 3144 580 3199 bello
594 3144 672 3200 illato
686 3145 724 3201 ibi
745 3160 954 3219 remanserunt,
971 3161 1055 3223 atque
1076 3170 1156 3225 agros
1238 3157 1242 3162 '
1274 3131 1277 3140 Ι

135 3225 229 3280 colere
244 3239 398 3299 coeperunt.
441 3230 597 3288 Hominum
612 3246 655 3290 est
670 3236 780 3291 infinita
801 3239 955 3295 multitudo
975 3242 1157 3297 creberrima-

105 3308 190 3386 'que
205 3317 334 3384 edificia,
351 3316 408 3373 ferd
424 3321 542 3378 Gallicis
561 3324 739 3381 consimilia:
760 3345 897 3400 pecorum
919 3349 1040 3405 magnus
1061 3351 1157 3388 nume·

135 3417 191 3459 rtis.
233 3405 358 3462 Utuntur
387 3419 434 3463 aut
461 3430 515 3466 mre
543 3423 591 3466 aut
612 3413 693 3468 taleis
716 3416 823 3487 serreis,
847 3419 881 3473 ad
910 3432 1020 3476 certum
1046 3423 1155 3496 pondus

136 3495 313 3564 examinatis,
328 3515 380 3568 pro
394 3517 518 3556 nummo.
560 3500 697 3558 Nascitur
713 3506 751 3562 ibi
766 3508 915 3580 plumbum
931 3511 1026 3568 album
1038 3513 1067 3568 in
1082 3515 1156 3570 med-

136 3585 283 3642 iterraneis
298 3587 471 3660 regionibus,
487 3589 515 3645 in
537 3591 686 3647 maritimis
707 3596 830 3666 serrum;
853 3600 902 3655 sed
924 3601 985 3675 ejus
999 3603 1104 3678 exigua
1116 3616 1156 3662 est

136 3677 237 3749 copia:
259 3695 314 3733 aere
337 3685 454 3734 utuntur
478 3679 636 3753 importato.
679 3680 802 3741 Materia
823 3689 962 3764 cujusque
982 3695 1107 3767 generis,
1127 3707 1156 3754 ut

136 3765 165 3822 in
186 3768 291 3840 Gallia,
306 3779 349 3825 est
368 3779 470 3842 praeter
492 3769 588 3844 fagum
610 3779 694 3841 atque
715 3774 846 3834 abietem.
889 3779 1030 3855 Leporem
1052 3795 1081 3842 et
1102 3787 1156 3861 gal·

136 3854 224 3913 linem
248 3869 277 3917 et
298 3875 427 3916 anserem
448 3869 563 3935 gustare
587 3859 630 3917 t'as
652 3876 710 3916 uon
731 3874 850 3936 putant;
871 3868 934 3926 lraec
958 3881 1055 3932 tamen
1081 3876 1153 3936 alunt
