2578 4270
131 251 171 310 M
460 249 508 298 DE
530 249 646 300 BELLO
668 207 829 302 obunco
963 251 1042 316 [Car.
1058 251 1176 321 rat-21.

132 409 183 467 per
198 389 389 465 exploratores
408 401 525 466 pontem
545 391 607 448 heri
628 391 844 466 comperissent,
858 409 939 450 more
959 411 1012 450 suo
1035 391 1174 454 concilio

133 482 241 551 habito,
256 481 378 537 nuncios
393 481 422 536 in
436 499 536 536 omnes
549 493 644 555 partes
658 483 810 552 dimisisse,
825 481 867 540 uti
888 483 925 538 de
945 483 1057 558 oppidis
1073 483 1173 541 demi·

133 583 258 649 gratent,
279 572 394 642 liberos,
422 590 524 628 uxores
551 589 659 645 suaque
682 573 780 628 omnia
807 573 837 628 in
866 573 951 630 silvas
974 574 1169 649 deponerent,

134 674 219 736 atque
233 681 342 732 omnes,
358 663 405 736 qui
422 681 500 718 arma
514 663 587 718 serre
605 674 730 736 possent,
747 681 837 718 unum
859 663 889 718 in
909 663 1006 718 locum
1027 661 1171 720 conveni-

134 763 216 809 rent:
239 752 316 808 hunc
330 771 393 810 esse
406 753 550 808 delectum
564 752 691 808 medium
713 751 772 808 ferd
794 753 944 827 regionum
965 746 1074 822 aarum,
1091 769 1169 826 quaa

134 843 223 900 Suevi
237 844 417 900 obtinerent:
439 841 487 898 bic
502 841 700 900 Romanorum
716 843 867 900 adventum
886 853 1061 917 exspectare,
1076 854 1167 917 atque

134 932 175 988 ibi
189 933 336 990 decertare
350 933 541 990 constituisse.
581 932 672 993 Quod
687 933 737 990 ubi
751 932 849 990 Caesar
863 933 1012 1007 comperit,
1027 935 1167 988 omnibus

134 1022 179 1079 his
193 1025 278 1080 rebus
292 1023 441 1092 conlectis,
457 1041 577 1096 quarum
591 1042 687 1078 rerum
702 1024 788 1078 causti
803 1023 989 1080 transducere
1002 1023 1167 1080 exercitum

135 1116 331 1183 constituerat,
347 1125 377 1170 ut
391 1113 543 1170 Germanis
557 1123 665 1169 metum
680 1113 820 1188 injiceret,
836 1123 868 1168 ut
889 1113 1057 1188 Sigambros
1077 1113 1168 1170 ulcis‘

136 1217 259 1273 caretur,
274 1215 305 1260 ut
319 1203 409 1260 Ubios
422 1204 572 1260 obsidione
586 1203 728 1272 liberaret,
745 1203 846 1260 diebus
860 1203 977 1260 omniuo
992 1202 1018 1260 X
1038 1213 1068 1260 ct
1088 1202 1167 1260 VIII

135 1303 213 1348 trans
227 1293 364 1349 Rhenum
379 1293 565 1367 consumptis,
580 1293 649 1348 satis
669 1305 698 1352 et
713 1293 747 1349 ad
767 1293 881 1350 laudem
904 1305 933 1350 et
952 1293 988 1348 ad
1009 1293 1167 1350 utilitatem

134 1383 295 1458 profectum
311 1384 471 1453 arbitratus,
486 1401 517 1439 se
532 1383 561 1438 in
575 1383 698 1440 Galliam
712 1383 830 1458 recepit,
845 1394 1017 1458 pontemque
1035 1383 1166 1440 rescidit.

175 1472 245 1530 XX.
275 1473 388 1549 Exigua
402 1485 482 1547 parte
503 1474 608 1529 aestatis
628 1474 749 1547 reliqua,
764 1475 872 1544 Caesat,
886 1473 940 1530 etsi
961 1474 990 1530 in
1015 1473 1060 1530 his
1080 1473 1166 1544 locis,

136 1561 213 1638 qudd
228 1565 321 1620 omnis
334 1564 429 1620 Gallia
444 1564 478 1620 ad
492 1564 710 1637 septemtriones
724 1565 826 1639 vergit,
837 1575 954 1621 maturae
965 1576 1032 1622 sunt
1043 1565 1166 1636 hieraca,

136 1668 232 1711 tamen
253 1655 280 1710 in
305 1655 483 1711 Britanniam
507 1654 651 1728 proficisci
673 1655 831 1724 contendit,
847 1655 924 1728 qudd
947 1657 1081 1712 omnibus
1104 1654 1167 1712 ferd

136 1745 257 1802 Gallicis
272 1745 353 1802 bellis
368 1745 496 1801 hostibus
511 1745 615 1800 nostris
635 1744 701 1800 inde
722 1745 938 1810 subministrata
958 1745 1063 1801 auxilia
1083 1746 1169 1802 intel·

137 1833 257 1910 ligabat:
293 1848 331 1905 et,
353 1835 377 1892 si
406 1847 518 1910 tempus
546 1835 613 1892 anni
639 1835 674 1890 ad
698 1835 804 1890 bellurn
832 1836 990 1910 gerendum
1018 1835 1167 1906 deficeret,

137 1933 233 1980 tamen
258 1943 363 2000 magno
386 1925 440 1981 sibi
469 1925 533 1981 usui
562 1925 622 1981 sore
650 1925 849 1995 arbitrabatur,
877 1925 901 1982 si
928 1924 1013 1982 modd
1042 1925 1166 1982 insulam

139 2013 253 2082 adisset,
269 2033 360 2089 genus
380 2014 527 2071 hominum
548 2015 747 2090 perspexisset,
762 2015 836 2084 loca,
850 2027 960 2089 portua,
983 2016 1076 2072 'aditus
1097 2035 1166 2092 cog·

138 2105 280 2160 novisset:
302 2123 364 2177 quae
379 2105 476 2160 omnia
491 2105 549 2161 sere
564 2106 656 2162 Gallis
670 2117 751 2162 erant
766 2106 921 2181 incognita.
963 2105 1068 2180 Neque
1086 2107 1165 2164 enim

138 2203 245 2250 temere
266 2206 367 2268 praeter
389 2209 560 2251 mercatores
582 2196 629 2252 illd
654 2196 712 2252 adit
736 2197 897 2270 quisquam,
923 2201 1026 2269 neque'
1039 2196 1074 2252 iis
1096 2196 1165 2271 ipsis
1230 2241 1235 2258 .

138 2284 294 2358 quidquam
308 2297 409 2358 praeter
423 2303 502 2340 oram
517 2286 686 2342 maritimam
703 2297 787 2360 atque
801 2305 849 2342 eas
864 2286 1005 2362 regiones,
1020 2305 1083 2360 quae
1098 2297 1166 2342 sunt

139 2389 238 2432 contra
265 2376 383 2446 Gallias,
405 2389 503 2432 notum
531 2391 582 2434 est.
625 2376 735 2450 Itaque,
764 2377 889 2432 evocatis
918 2376 952 2432 ad
980 2395 1010 2434 se
1039 2376 1165 2450 undique

137 2468 355 2536 mercatoribus,
370 2485 464 2541 neque
478 2479 584 2540 quanta
598 2480 672 2524 esset
687 2468 786 2524 insulae
801 2466 979 2542 magnitudo,
994 2485 1086 2540 neque
1101 2485 1164 2540 quaa

140 2571 188 2614 aut
204 2573 316 2632 quantae
332 2559 462 2615 nationes
484 2558 652 2626 incolerent,
667 2576 760 2631 neque
781 2576 865 2630 quem
888 2575 971 2612 usum
993 2557 1059 2612 belli
1080 2556 1165 2613 habe-

138 2661 211 2718 rent,
228 2662 275 2705 aut
293 2650 396 2723 quibus
418 2649 554 2708 institutis
577 2660 734 2732 pterentur,
749 2666 843 2720 neque
863 2647 912 2720 qui
934 2657 1029 2703 essent
1051 2645 1086 2702 ad
1107 2665 1164 2702 ma·

115 2777 116 2780 ,
135 2735 229 2812 jorum
245 2741 359 2794 navium
374 2740 585 2796 multitudinem
601 2738 696 2794 idonei
711 2750 818 2811 portus,
834 2737 958 2812 reperire
971 2747 1090 2811 poterat.

179 2826 263 2882 XXI.
292 2828 340 2882 Ad
365 2828 426 2886 haec
451 2828 661 2903 cognoscenda,
675 2829 840 2900 priusquam
862 2827 1022 2904 periculum
1047 2826 1162 2896 laceret,

140 2914 274 2972 idoneum
289 2934 352 2972 esse
366 2917 517 2973 arbitratus
531 2919 564 2975 C.
580 2919 768 2986 Volusenum,
781 2936 847 2973 eum
861 2918 926 2973 navi
941 2917 1027 2991 longa
1041 2916 1164 2990 praemit·

139 3006 181 3064 tit.
225 3005 304 3061 Huic
323 3007 448 3076 mandat,
464 3006 515 3077 uti,
531 3008 683 3082 exploratis
704 3008 837 3064 omnibus
858 3009 952 3075 rebus,
969 3007 1003 3062 ad
1028 3025 1058 3062 se
1078 3005 1163 3079 quam

139 3095 264 3172 primhm
279 3108 451 3154 revertatur:
474 3098 533 3172 ipse
548 3117 614 3154 cum
633 3098 766 3154 omnibus
787 3098 877 3172 copiis
893 3098 921 3152 in
937 3096 1067 3179 Morinos
1091 3095 1164 3170 pros·

141 3187 280 3256 iciscitur,
296 3187 372 3260 qudd
394 3188 460 3244 inde
475 3201 535 3246 erat
548 3190 731 3246 brevissimus
746 3190 775 3245 in
791 3189 968 3244 Britanniam
984 3187 1161 3263 transjectus.

141 3278 209 3333 Huc
224 3297 310 3334 naves
324 3279 451 3352 undique
472 3299 507 3336 ex
528 3280 656 3336 finitimis
677 3280 842 3354 regionibus
863 3291 890 3335 et
911 3298 996 3352 quarn
1019 3277 1163 3352 superiora

141 3379 237 3425 aestate
253 3368 287 3424 ad
308 3369 481 3425 Veneticum
496 3371 601 3426 bellum
621 3371 727 3426 lecerat
748 3370 879 3438 classem,
900 3370 981 3443 jubet
1002 3367 1160 3426 convenire.

141 3459 270 3528 Interim,
294 3459 415 3514 consilio
437 3460 498 3533 ejus
522 3460 648 3534 cognito,
671 3471 699 3516 et
724 3479 774 3533 per
803 3472 974 3516 mercatores
1001 3459 1109 3533 perlato
1129 3457 1162 3514 ad

142 3550 304 3619 Britannos,
320 3550 543 3622 acompluribus
557 3549 618 3622 ejus
633 3549 731 3604 insulta
753 3550 916 3606 civitatibus
939 3549 972 3604 ad
994 3567 1059 3604 eum
1080 3547 1163 3622 legati

141 3641 268 3711 veniunt,
290 3640 339 3714 qui
360 3640 549 3714 polliceantur
573 3639 687 3694 obsides
711 3639 788 3708 dare,
818 3652 900 3712 atque
923 3639 1043 3712 imperio
1068 3637 1163 3712 populi

141 3729 268 3788 Romani
295 3732 500 3805 obtemperare.
550 3728 669 3788 Quibus
697 3729 810 3800 auditis,
838 3728 992 3785 liberaliter
1019 3727 1162 3805 pollicitus

142 3817 337 3895 hortatusque,
350 3831 383 3878 ut
404 3820 434 3876 in
457 3819 492 3878 erl
514 3817 656 3876 sententia
678 3828 889 3893 permanerent,
911 3836 960 3875 eos
984 3818 1101 3879 domum
1123 3833 1162 3876 ra·
