2566 4270
117 264 174 326 ιω
442 261 490 312 on
512 261 630 314 ussto
654 259 814 312 onacrco
948 264 1026 330 [co.
1042 261 1151 314 ss-su.

114 423 196 466 nescu
210 415 332 477 constat,
346 423 410 480 que
431 405 549 480 reliquis
562 396 599 462 in
623 405 696 462 locis
716 405 776 463 visa
796 425 854 474 non
876 407 951 467 siut:
972 405 1151 481 ex·quibr»,

114 516 178 572 quae
192 496 315 554 maxime
330 497 463 554 differant
477 497 513 552 ab
527 497 640 568 ceteris,
655 507 684 554 et
698 497 843 554 memorie
863 497 1012 572 prodenda
1032 497 1152 554 videan-

114 597 170 658 tur,
186 589 247 644 baec
261 599 336 644 sunt.

154 677 268 736 XXVI.
299 678 350 736 Est
364 678 416 734 bos
430 679 508 734 cervi
522 677 624 754 figura,
636 677 718 753 cujus
731 696 746 733 a
757 677 854 734 media
865 677 959 740 fronte
974 675 1048 734 iuter
1063 694 1149 734 aures

114 788 204 829 unum
225 788 316 827 cornu
338 770 459 840 exsistit,
483 769 626 826 excelsius
653 766 803 845 magisque
830 769 972 828 directum
1000 769 1054 838 his,
1083 787 1149 842 quae

114 861 198 918 nobis
211 873 279 919 nota
292 871 369 932 sunt,
384 861 528 918 cornibus.
571 860 619 915 Ab
633 859 694 934 ejus
715 879 837 930 summo,
852 860 927 916 sicut
946 859 1059 934 palmae,
1074 857 1149 914 rami

114 952 201 1028 quam
215 951 272 1009 late
287 951 495 1010 diffunduntur.
538 951 648 1008 Eadem
669 961 713 1026 est
733 951 847 1008 semime
867 951 1011 1024 marisque
1031 960 1146 1020 natura,
1251 951 1257 962 “

114 1043 214 1101 eadem
230 1044 321 1100 forma
334 1042 559 1119 magnitudoque
574 1059 723 1098 cornuum.
1137 1031 1149 1039 ”

154 1133 284 1192 XXVII.
313 1135 388 1192 Sunt
415 1134 493 1206 item,
520 1152 583 1208 quse
612 1132 788 1207 appellantur
824 1132 908 1190 alces.
964 1131 1076 1188 Harum
1104 1142 1149 1188 est

115 1226 274 1284 consimilis
288 1226 399 1300 capreis
419 1225 511 1302 figura
531 1235 560 1281 et
578 1224 700 1282 varietas
720 1224 856 1298 pellium;
879 1223 929 1282 sed
949 1223 1149 1300 magnitudine

115 1315 201 1392 pauld
217 1316 400 1386 antecedunt,
416 1315 580 1390 mutilaeqne
595 1325 661 1371 sunt
676 1315 823 1386 cornibus,
838 1325 867 1371 et
881 1333 967 1372 crura
979 1316 1042 1372 sine
1062 1314 1149 1370 nodis

116 1407 302 1482 articulisque
323 1406 444 1476 habent;
468 1423 561 1479 neque
584 1405 689 1482 quietis
713 1406 802 1462 causd
823 1404 1027 1480 procumbunt,
1042 1423 1148 1478 neque,

115 1497 140 1554 si
154 1517 212 1571 quo
226 1497 337 1554 afflictae
352 1515 422 1554 casu
437 1496 627 1567 conciderint,
642 1497 754 1572 erigere
768 1515 831 1554 sese
846 1507 895 1554 aut
915 1495 1064 1553 sublevare
1083 1514 1150 1570 pog-

116 1599 191 1670 snnt.
234 1588 290 1646 His
311 1599 378 1646 sunt
403 1589 517 1644 arbores
543 1607 596 1662 pro
618 1588 779 1644 cubilibus:
811 1587 845 1644 ad
869 1606 918 1644 eas
939 1605 971 1644 se
992 1586 1147 1662 applicant,

117 1691 202 1755 atque
226 1679 276 1750 ita,
297 1678 415 1755 paulbm
437 1677 522 1736 modd
545 1679 701 1750 reclinatae,
717 1679 842 1754 quietem
866 1679 1003 1754 capiunt:
1025 1696 1148 1751 quarum
1162 1695 1200 1754 ῃ

116 1790 152 1830 ex
175 1772 302 1848 vestigiis
329 1790 417 1846 quum
444 1782 488 1828 est
512 1770 740 1828 animadversum
770 1789 786 1826 a
809 1770 1001 1839 venatoribus,
1029 1767 1086 1843 qud
1117 1786 1149 1825 se

116 1864 245 1938 recipere
260 1861 437 1933 consuerint,
452 1881 552 1918 omnes
576 1880 612 1918 eo
634 1861 700 1918 loco
722 1871 771 1918 aut
792 1880 808 1918 a
828 1861 975 1918 radicibus
995 1861 1147 1930 subruunt,

117 1965 166 2010 aut
182 1954 318 2010 accidunt
332 1955 447 2018 arbores
461 1951 582 2023 tantum,
598 1964 630 2009 ut
643 1971 755 2010 summa
768 1953 881 2028 species
894 1970 994 2010 earum
1008 1951 1148 2008 stantium

117 2045 301 2118 relinquatur.
346 2043 413 2102 Huc
428 2063 516 2119 quum
530 2063 561 2102 se
573 2043 782 2102 cousuetudine
793 2043 1006 2115 reclinaverint,
1019 2043 1148 2101 infirmas

118 2136 233 2192 arbores
246 2134 373 2209 pondere
389 2135 527 2212 affligunt,
543 2145 628 2210 atque
643 2134 701 2192 und
716 2135 784 2212 ipsae
799 2135 967 2193 concidunt.

157 2224 303 2282 XXVIII.
331 2223 465 2282 Tertium
489 2238 532 2283 est
553 2245 645 2302 genus
673 2245 783 2297 eorum,
809 2227 858 2302 qui
886 2227 930 2284 uri
959 2226 1146 2302 appellantur.

118 2315 159 2374 Hi
174 2329 240 2373 sunt
255 2315 453 2393 magnitudine
471 2317 557 2392 pauld
580 2317 655 2374 infra
676 2318 861 2394 elephantos;
883 2318 980 2393 specie
1002 2327 1030 2374 et
1050 2317 1148 2374 colore

117 2419 146 2466 et
161 2407 251 2484 liguria
265 2407 348 2465 tauri.
390 2406 499 2484 Magna
513 2407 555 2464 ris
575 2426 685 2480 eorum,
700 2420 729 2466 et
747 2427 855 2486 magua
875 2407 1030 2466 velocitas:
1051 2425 1147 2482 neque

118 2499 237 2570 bomini,
249 2517 342 2575 neque
357 2498 434 2568 ferae,
446 2517 531 2573 quam
543 2501 753 2575 conspexerint,
765 2510 896 2576 parcunt
939 2499 1002 2558 Hos
1017 2497 1145 2556 studiose

118 2589 207 2648 foveis
234 2603 333 2668 captos
366 2589 550 2648 interficiunt
607 2589 674 2652 Hoc
701 2609 732 2650 se
760 2591 858 2648 labore
884 2590 989 2648 durant
1015 2589 1147 2648 homines

118 2683 323 2754 adolescentes,
350 2693 435 2757 atque
458 2682 513 2740 hoc
536 2700 643 2760 genere
667 2682 827 2742 venationis
850 2692 1003 2752 exercent3
1035 2692 1074 2752 et,
1096 2681 1147 2755 qui

117 2774 254 2849 plurimos
268 2793 304 2832 ex
318 2773 363 2830 his
377 2773 592 2843 interfecerunt,
607 2773 704 2830 relatis
719 2774 748 2830 in
762 2773 911 2850 publicum
926 2773 1071 2842 cornibus,
1083 2791 1147 2846 quae

78 2879 86 2893 ¹
118 2865 175 2922 sint
199 2864 373 2934 testimonio,
399 2883 533 2940 magnam
559 2864 653 2920 serunt
676 2864 799 2922 laudem.
842 2864 901 2920 Sed
926 2881 1090 2922 assuescere
1111 2861 1147 2920 ad

118 2954 250 3012 homines
270 2964 299 3010 et
320 2954 512 3022 mansuefieri,
536 2973 573 3011 ne
596 2955 706 3030 parvuli
734 2955 850 3029 quidem
872 2955 995 3032 excepti,
1017 2964 1144 3030 possunt.

118 3043 289 3120 Amplitudo
312 3061 452 3100 cornuum
476 3057 504 3101 et
524 3045 616 3122 figura
637 3057 665 3102 et
686 3046 797 3120 species
817 3044 939 3103 multbm
955 3065 971 3102 a
985 3058 1146 3118 nostrorum
1239 3030 1244 3037 ¹

118 3136 205 3194 boum
233 3135 369 3192 cornibus
396 3135 506 3216 differt.v
550 3136 624 3194 Haec
650 3135 778 3194 studiose
807 3137 970 3210 conquisita
998 3137 1033 3193 ab
1059 3137 1147 3194 labrIs

119 3238 237 3304 argento
251 3225 493 3298 circumcludunt,
509 3239 593 3302 atque
608 3227 637 3284 in
653 3227 834 3303 amplissimis
849 3227 941 3303 epulis
960 3247 1013 3303 pro
1032 3227 1147 3303 poculis

118 3329 245 3376 utuntur.

158 3407 274 3465 XXIX.
303 3407 410 3478 Cesar,
434 3419 585 3484 postquam
607 3427 658 3483 per
682 3408 773 3466 Ubios
795 3409 987 3484 exploratores
1009 3410 1148 3485 comperit

119 3501 230 3558 Suevos
244 3517 306 3556 sese
321 3499 350 3555 in
365 3499 449 3556 silvas
463 3499 615 3573 recepisse,
632 3499 756 3574 inopiam
772 3499 907 3556 frumenti
928 3501 1043 3570 veritus,
1059 3498 1146 3574 quod,

118 3603 149 3650 ut
163 3589 249 3666 supra
263 3590 529 3658 demonstravimus,
545 3588 663 3646 minime
685 3609 785 3647 omnes
805 3591 943 3650 Germani
966 3591 1147 3668 agriculture

117 3684 243 3753 student,
258 3682 407 3739 constituit
431 3699 489 3737 non
510 3680 644 3756 progredi
665 3679 798 3756 longius,
820 3682 881 3752 sed,
896 3699 933 3741 ne
953 3682 1071 3744 ommno
1091 3699 1149 3738 me·

117 3785 178 3831 turn
203 3775 312 3832 reditbs
336 3773 380 3830 sui
404 3771 533 3828 barbaris
557 3771 678 3840 tolleret,
694 3781 779 3844 atque
801 3783 952 3830 uteorum
974 3773 1080 3830 auxilia
1093 3785 1149 3834 tar·

119 3864 208 3933 daret,
236 3865 357 3924 reducto
383 3863 521 3934 exercitu,
548 3871 657 3939 partem
686 3861 816 3922 ultimam
841 3864 947 3940 pontis,
975 3881 1039 3938 que
1072 3863 1154 3942 ripun¹
