2566 4270
117 306 177 365 m
448 302 497 352 oa
517 301 633 352 anano
656 299 816 350 caturco
948 300 1026 364 [cn.
1043 299 1150 350 Μ.

114 443 273 524 perterritis
286 444 447 520 oppidanis,
462 463 583 520 quorum
607 461 712 520 magna
734 461 800 518 pars
822 451 883 499 erat
903 441 940 498 ad
961 441 1069 498 bellurn
1084 455 1152 500 evo-

116 548 189 607 cata,
213 536 276 594 sine
297 537 482 593 contentione
503 536 609 610 oppido
632 535 747 609 potitur.
790 533 917 590 Refecto
940 543 1038 607 ponte,
1060 552 1150 607 quem

115 628 310 702 superioribus
324 628 425 684 diebus
439 627 534 698 hostes
550 626 738 695 resciderant,
753 625 912 681 exercitum
932 624 1104 694 transducit,
1119 636 1151 682 et

115 718 244 776 secundo
268 718 386 776 flumine
406 717 441 774 ad
466 717 611 774 Lutetiam
633 717 687 772 iter
708 715 805 772 facere
832 715 928 789 coepit.
970 714 1090 785 Hostes,
1116 735 1150 772 re

116 809 234 884 cogniti
261 809 296 866 ab
320 809 366 880 iis,
381 808 430 882 qui
455 827 472 865 a
493 807 652 864 Meloduno
672 805 868 881 profugerant,
883 805 1028 862 Lutetiam
1050 806 1152 864 incen-

116 899 198 969 dunt,
220 909 379 975 pontesque
400 899 463 974 ejus
486 898 584 974 oppidi
608 897 734 954 rescindi
756 897 875 972 jubent:
905 896 961 971 ipsi
986 897 1109 971 profecti
1134 915 1151 953 a

115 990 231 1065 palude,
244 989 276 1048 in
297 990 367 1065 ripis
390 991 542 1065 Sequanae,
561 1008 579 1045 e
602 988 720 1064 regione
744 987 879 1058 Lutetiae,
901 997 1003 1045 contra
1023 986 1149 1045 Labieni

117 1091 211 1138 castra
230 1080 392 1138 considunt

157 1171 239 1246 LIX.
266 1171 285 1228 J
288 1189 333 1228 am
347 1171 445 1228 Caesar
460 1169 633 1246 aGergovid
647 1167 814 1226 discessisse
828 1167 1018 1225 audiebatur:
1036 1168 1097 1244 jam
1112 1168 1150 1224 de

119 1261 279 1320 AEduorum
294 1261 457 1318 desectione
477 1270 506 1318 et
526 1260 656 1318 secundo
673 1259 775 1316 Gallie
796 1269 877 1316 motu
900 1277 1031 1316 rumores
1051 1259 1150 1316 affere·

119 1352 232 1422 bantur,
252 1351 387 1425 Gallique
407 1351 437 1408 in
458 1351 619 1425 colloquiis,
640 1349 849 1408 ‘interclusum
873 1349 976 1406 itinere
1000 1359 1029 1406 et
1049 1347 1150 1425 Ligeri

119 1441 273 1511 Caesarem,
289 1441 386 1516 inopiri
400 1440 536 1498 frumenti
550 1452 695 1511 coactum,
710 1441 740 1498 in
754 1440 932 1516 provinciam
947 1440 1146 1499 contendisse¹

119 1531 335 1589 confirmabant.
376 1531 521 1589 Bellovaci
538 1542 643 1603 autem,
658 1531 822 1590 delectione
835 1531 999 1590 AEduorum
1019 1531 1148 1606 cognita,

119 1621 169 1696 qui
183 1620 250 1678 ante
265 1633 347 1679 erant
358 1641 409 1697 per
423 1640 455 1679 se
469 1622 608 1693 infideles,
623 1641 725 1680 manus
739 1640 845 1698 cogere
866 1633 951 1695 atque
972 1619 1069 1696 aperte
1093 1621 1149 1678 bel-
1176 1663 1186 1681 .

119 1711 179 1770 lum
192 1731 293 1787 parare
307 1722 464 1787 coeperunt.
505 1712 585 1769 Tum
604 1713 760 1782 Labienus,
775 1713 855 1769 tanti
875 1731 971 1769 rerum
992 1723 1149 1770 commuta·

119 1801 208 1874 tione,
222 1803 309 1880 longe
325 1803 401 1860 aliud
416 1803 472 1860 sibi
486 1804 659 1878 capiendum
673 1804 837 1874 consilium,
853 1815 938 1876 atque
957 1813 1041 1860 antea
1055 1821 1149 1860 sense·

120 1904 172 1962 rat,
193 1894 389 1970 intelligebat:
411 1913 505 1968 neque
524 1895 593 1970 jam,
619 1905 652 1952 ut
677 1894 785 1968 aliquid
807 1893 977 1967 acquireret,
991 1893 1148 1968 praelioque

121 1983 215 2040 hostes
242 1984 404 2055 lacesseret,
433 1985 484 2042 sed
510 1994 542 2041 ut
569 1985 744 2042 incolumem
772 1985 930 2041 exercitum
963 1984 1148 2060 Agendicum

120 2072 280 2143 reduceret,
297 2075 450 2150 cogitabat.
491 2074 626 2149 Namque
648 2075 736 2132 alteri
758 2085 892 2150 exparte
914 2073 1070 2144 Bellovaci,
1086 2092 1147 2148 quae

121 2163 221 2218 civitas
235 2164 264 2219 in
278 2163 374 2220 Gallia
387 2165 541 2249 maximam
555 2165 642 2221 habet
662 2165 827 2239 opinionem
849 2165 970 2235 virtutis,
986 2164 1146 2234 instabant;

121 2252 238 2310 alteram
252 2253 467 2328 Camulogenus
479 2265 579 2328 parato
597 2266 682 2328 atque
704 2255 844 2312 instructo
863 2255 990 2312 exercitu
1012 2255 1146 2312 tenebat:

119 2352 181 2400 tram
195 2343 333 2419 legiones,
349 2345 513 2419 apraesidio
526 2355 611 2419 atque
632 2346 845 2420 impedimentis
865 2346 1046 2415 interclusas,
1060 2347 1147 2402 maxi·

119 2434 320 2492 mum-flumen
334 2433 497 2494 distinebat.
538 2435 644 2492 Tantis
664 2435 759 2494 subiti
781 2437 996 2494 difficultatibus
1016 2435 1146 2512 objectis,

120 2525 158 2584 ab
171 2525 259 2584 animi
273 2526 376 2584 virtute
391 2525 528 2584 auxilinm
541 2527 698 2602 petendum
712 2527 835 2584 videbat.

126 2663 129 2668 .
158 2615 223 2675 LX.
251 2616 352 2691 Itaque
379 2617 432 2674 sub
458 2634 608 2691 vesperum
629 2617 751 2674 consilio
778 2629 946 2687 convocato,
972 2616 1145 2687 cohortatus,

119 2715 152 2764 ut
171 2725 215 2778 ea,
237 2727 300 2782 quae
321 2707 499 2782 impetisset,
513 2707 665 2783 diligenter
686 2706 884 2781 industrieque
906 2707 1144 2776 administrarent,

118 2815 214 2867 naves,
229 2816 300 2871 quas
315 2818 331 2854 a
344 2797 503 2856 Meloduno
516 2798 682 2868 deduxerat,
696 2798 831 2874 singulas.
840 2798 986 2872 equitibus
1005 2797 1146 2854 Romanis

118 2886 256 2956 attribuit,
281 2897 310 2944 et
332 2887 425 2960 primi
452 2888 586 2946 consecti
612 2888 721 2964 vigilia,
746 2898 867 2963 quatuor
895 2888 986 2946 millia
1010 2905 1145 2962 passuum

118 2975 248 3034 oeeundo
269 2975 386 3034 flumine
408 2977 542 3055 progredi
566 2978 690 3049 silentio,
705 2979 803 3052 ibique
826 2997 857 3035 se
878 2978 1038 3052 exspectari
1055 2977 1144 3054 jubet.

117 3065 258 3140 Quinque
285 3067 432 3138 cohortes,
452 3088 524 3144 quas
543 3068 662 3128 minime
690 3069 786 3128 firmas
808 3069 843 3126 ad
862 3069 1060 3126 dimicandum
1084 3087 1145 3126 esse

119 3156 308 3228 existimabat,
319 3159 419 3216 castris
429 3159 562 3234 praesidio
572 3160 726 3235 relinquit:
742 3160 867 3234 quinque
882 3159 1009 3234 ejusdem
1023 3159 1146 3235 legionis

117 3246 242 3319 reliquas
262 3247 298 3305 de
320 3249 415 3305 inediti
436 3259 522 3307 nocte
546 3269 613 3307 cum
634 3251 768 3308 omnibns
790 3249 1002 3325 impedimentis
1028 3250 1146 3308 adverso

118 3336 236 3395 flumine
259 3355 365 3413 magno
390 3339 514 3396 tumultu
536 3341 682 3415 proficisci
705 3341 833 3415 imperat.
876 3340 1031 3415 Conquirit
1058 3340 1145 3400 etiam

116 3427 224 3486 lintres.
265 3427 339 3499 Has,
366 3447 472 3504 magno
498 3430 593 3488 sonitu
618 3447 776 3490 ramorum·
794 3431 938 3501 incitatas,
967 3431 997 3488 in
1024 3430 1143 3488 eandem

116 3531 226 3595 partem
246 3517 341 3576 mittit.
382 3516 448 3594 lpse
467 3517 533 3594 post
551 3519 647 3594 paulo,
669 3521 784 3580 silentio
803 3539 945 3598 egressus,
968 3539 1035 3578 cum
1054 3520 1145 3579 tribus

116 3609 278 3685 legionibus
292 3628 357 3668 enm
372 3609 468 3668 locum
481 3611 562 3683 petit,
576 3609 633 3684 qud
649 3630 735 3670 naves
750 3612 852 3688 appelli
865 3613 996 3687 jusserat.

157 3701 236 3758 LXI.
265 3700 309 3758 Ed
324 3720 411 3775 quum
426 3711 501 3758 esset
515 3712 639 3771 ventum,
654 3703 847 3776 exploratores
868 3703 1003 3772 hostium,
1018 3710 1051 3758 ut
1065 3701 1144 3761 omui

116 3790 242 3848 flarminis
261 3803 341 3866 parte
362 3801 443 3848 erant
461 3790 600 3864 dispositi,
615 3791 806 3866 inopinantes,
821 3791 902 3866 qudd
920 3809 1026 3868 magna
1047 3789 1145 3856 subitd

117 3889 178 3939 etat
191 3891 289 3938 coorta
309 3891 472 3954 tempestas,
486 3879 523 3936 ab
537 3880 643 3938 noenia
663 3881 879 3954 opprimuntur:
908 3881 1054 3940 exercitus
1067 3881 1144 3956 equi·
