2578 4270
179 310 244 356 ori.
260 299 380 372 ar-soj
556 309 662 362 trena
685 311 826 366 ruimus.
1080 319 1085 330 '
1169 315 1205 381 rt

179 451 346 526 appellatur,
368 451 428 510 sive
449 452 551 511 timore
573 457 726 530 perterriti,
747 478 795 530 ne,
816 459 901 516 armis
922 461 1042 532 traditis,
1064 461 1205 537 supplicio

180 543 369 613 afficerentur,
385 544 443 600 sive
457 563 506 619 spe
520 546 619 602 salutis
634 548 755 618 inducti,
771 550 857 623 quod,
873 551 902 607 in
922 562 1002 607 tanta
1022 554 1205 608 multitudine

178 633 380 690 dediticiorum
400 653 480 691 suam
505 635 602 711 sugam
627 649 675 694 aut
695 641 844 710 occultari,
868 653 917 698 aut
938 643 1055 698 omnino
1080 641 1204 717 ignorari

178 743 261 800 posse
275 725 479 796 existimarent,
494 727 586 800 prima
600 742 686 784 nocte
699 747 735 785 ex
749 731 850 788 castris
870 731 1069 788 Helvetiorum
1087 733 1203 806 egressi,

181 815 215 870 ad
230 815 367 871 Rhenum
381 815 510 889 finesque
523 817 733 876 Germanorum
747 822 965 878 contenderunt.

219 903 363 962 XXVIII.
380 906 482 966 'Quod
496 907 546 962 ubi
560 907 657 964 Caesar
676 911 783 980 resciit,
798 930 919 984 quorum
939 930 989 986 per
1009 911 1081 968 fines
1102 910 1203 982 ierant,

179 997 232 1066 his,
249 996 288 1052 uti
304 997 516 1070 conquirerent,
532 1008 560 1054 et
574 999 756 1070 reducerent,
770 1001 795 1056 si
809 1001 864 1062 sibi
877 1001 991 1076 purgati
1006 1019 1069 1057 esse
1088 1002 1203 1072 vellent,

180 1087 342 1162 imperavit3
365 1089 499 1144 reductos
513 1089 543 1144 in
558 1089 683 1146 hostium
693 1109 814 1148 numero
824 1091 1084 1164 habuit3'reliquos
1094 1109 1203 1160 omnes,

179 1179 334 1248 obsidibus
352 1179 445 1250 armis,
460 1179 588 1255 perfugis
602 1180 723 1250 traditis,
739 1181 768 1236 in
783 1181 958 1238 deditionem
973 1180 1093 1255 accepit.
1135 1179 1205 1238 Hel·

179 1269 276 1340 vetios,
292 1269 444 1345 TulingoS,
460 1270 630 1346 Latobrigos
654 1270 684 1326 in
704 1271 776 1327 fines
789 1291 866 1342 suos,
880 1271 957 1327 unde
971 1281 1053 1327 eraut
1071 1269 1203 1344 profecti,

178 1361 280 1432 reverti
299 1361 398 1435 jussit3
421 1371 458 1430 et,
481 1361 568 1436 quod,
583 1361 716 1418 omnibus
737 1362 877 1418 fructibus
899 1361 1019 1431 amissiS,
1033 1361 1111 1416 domi
1132 1361 1203 1416 nihil

178 1463 248 1521 erat,
264 1471 321 1525 quo
336 1452 437 1508 famem
453 1453 615 1522 tolerarent,
631 1452 836 1528 Allobrogibus
858 1452 1016 1526 imperavit,
1031 1461 1063 1507 ut
1083 1451 1128 1507 his
1148 1451 1205 1506 sru-

178 1544 266 1600 menti
288 1543 400 1618 copiam
424 1544 566 1600 facerent:
589 1543 665 1618 ipsos
686 1544 791 1618 oppida
814 1543 959 1616 vicosque,
975 1534 1052 1616 quos*
1069 1541 1204 1598 incende·

93 1681 96 1688 .
178 1645 250 1704 rant,
266 1635 415 1690 restituere
426 1634 517 1708 jussit.
559 1633 594 1690 Id
608 1636 643 1689 ed
657 1633 781 1690 maxime
795 1634 906 1692 ratione
921 1633 999 1701 fecit,
1015 1631 1092 1705 quod
1112 1631 1204 1688 noluit

178 1744 243 1782 eum
271 1726 377 1792 locum,
401 1725 477 1778 unde
504 1723 631 1778 Helvetii
659 1724 857 1794 discesserant,
885 1743 1004 1793 vacare3
1026 1742 1063 1780 ne
1089 1734 1202 1798 propter

178 1816 335 1871 bonitatem
351 1832 482 1889 agrorum
496 1813 643 1882 Germani,
659 1813 707 1886 qui
722 1824 800 1870 trans
814 1814 951 1870 Rhenum
964 1813 1102 1883 incolunt,
1114 1832 1130 1870 e
1145 1813 1204 1869 suis

177 1907 282 1964 finibus
298 1906 326 1962 in
347 1904 544 1960 Helvetiorum
567 1903 638 1959 fines
659 1905 821 1975 transirent,
836 1914 865 1962 et
885 1904 999 1961 finitimi
1019 1903 1120 1963 Galliae
1141 1926 1205 1982 pro-

178 1998 279 2053 vinciae
314 1996 575 2071 Allobrogibusque
610 1981 711 2052 essent.
767 1996 863 2066 Boios,
890 1997 1054 2072 petentibus
1088 1998 1203 2071 AEduis,

178 2087 255 2162 quod
270 2089 385 2164 egregia
408 2087 510 2142 virtute
533 2097 613 2142 erant
636 2085 754 2162 cogniti,
769 2097 801 2142 ut
821 2087 850 2142 in
875 2087 987 2143 finibus
1001 2088 1060 2144 suis
1082 2089 1205 2144 colloca·

178 2191 250 2249 rent,
266 2177 424 2247 concessit;
440 2178 551 2252 'quibus
572 2177 613 2234 illi
637 2181 721 2253 agros
741 2177 890 2247 dederunt,
906 2197 1033 2251 quosque
1054 2191 1153 2251 postea
1174 2179 1203 2234 in
1268 2208 1270 2214 ·

178 2290 274 2346 parem
299 2271 369 2346 juris
396 2269 592 2343 libertatisque
616 2269 821 2339 conditionem,
850 2279 933 2341 atque
962 2269 1015 2342 ipsi
1043 2280 1134 2339 eraut,
1162 2288 1204 2326 re-

178 2371 323 2437 ceperunt.
349 2365 357 2379 '

218 2453 333 2508 XXIX.
361 2452 395 2508 In
423 2451 523 2508 castris
545 2449 742 2506 Helvetiorum
764 2451 867 2532 tabplae
887 2460 1006 2525 repertae
1028 2461 1094 2508 sunt
1114 2449 1204 2508 literis

171 2544 287 2600 Graecis
310 2543 459 2609 confectae,
484 2551 513 2595 et
538 2540 572 2594 ad
594 2540 738 2595 Caesarem
753 2541 888 2613 praelatae,
913 2541 1016 2612 quibus
1043 2541 1073 2596 in
1099 2541 1204 2596 tabulis

178 2633 346 2691 nominatim
361 2633 433 2691 ratio
445 2630 577 2684 corriceta
588 2639 656 2697 erat,
670 2629 718 2702 qui
732 2647 868 2684 numerus
879 2629 965 2684 domo
975 2629 1080 2684 exisset
1094 2647 1202 2698 eorum,

178 2727 226 2800 qui
250 2743 328 2780 arma
349 2722 422 2778 serre
443 2729 577 2794 possent:
599 2729 628 2775 et
652 2719 720 2775 item
742 2718 895 2792 separatim
916 2718 1007 2792 pueri,
1027 2736 1119 2789 seueS,
1145 2739 1205 2775 mu-

178 2817 326 2889 lieresque.
367 2813 501 2872 Quarum
520 2810 647 2866 omnium
668 2827 763 2866 rerum
786 2827 896 2864 summa
910 2818 979 2877 erat,
995 2809 1120 2883 capitum
1136 2809 1205 2865 Hel·

179 2908 316 2963 vetiorum
341 2904 430 2960 millia
444 2901 609 2972 CCLXIII,
624 2901 818 2975 Tulingorum
833 2899 922 2955 millia
940 2899 1086 2969 XXXVI,
1102 2899 1205 2958 Latob-

179 2999 303 3074 rigorum
329 2995 412 3065 XIV,
428 2995 629 3049 Rauracorum
653 2989 770 3060 XXIII,
787 2989 923 3045 Boiorum
937 2989 1078 3049 XXXII:
1101 3009 1136 3046 ex
1150 2991 1203 3060 his,

179 3090 227 3163 qui
256 3107 333 3144 arma
361 3087 433 3142 ferre
456 3093 590 3159 possent„
612 3081 649 3136 ad,
668 3081 759 3136 millia
782 3079 879 3136 XCII.
930 3081 1050 3136 Summa
1075 3079 1204 3136 omnium

181 3181 294 3236 fuerunt
310 3179 343 3233 ad
359 3177 448 3232 millia
462 3171 683 3230 CCCLXVIII.
725 3171 843 3252 Eorum,
858 3169 906 3243 qui
921 3169 1037 3224 domurn
1049 3170 1204 3239 redierunt,

181 3290 269 3326 censu
284 3269 390 3336 habito,
406 3277 437 3320 ut
452 3265 548 3319 Caesar
564 3262 760 3336 imperaverat,
775 3271 904 3334 repertus
925 3269 967 3316 est
987 3278 1123 3315 numerus
1144 3258 1206 3314 mil·

180 3361 250 3416 lium
266 3359 290 3415 C
306 3370 333 3415 et
348 3358 386 3414 X.
748 3433 750 3436 Ι

221 3449 320 3504 ΧΧΧ.
351 3445 432 3503 Bello
447 3444 645 3502 Helvetiorum
660 3441 803 3511 consecto,
818 3442 905 3497 totius
919 3438 977 3497 sere
993 3439 1093 3496 Gallice
1108 3438 1205 3514 legati,

181 3539 325 3614 principes
340 3538 497 3605 civitatum,
514 3534 549 3589 ad
561 3533 705 3590 Caesarem
720 3532 892 3607 gratulatum
908 3539 1119 3585 convenerunt:
1143 3527 1207 3582 ‘In-

182 3630 310 3704 telligere
325 3646 396 3695 sese,
411 3625 523 3681 tametsi
537 3643 588 3698 pro
602 3623 745 3680 veteribus
760 3621 957 3676 Helvetiorum
978 3619 1088 3691 injuriis
1108 3615 1206 3688 populi

182 3719 308 3776 Romani
335 3718 370 3772 ab
394 3717 429 3772 iis
451 3734 550 3789 poenas
573 3715 649 3770 bello
672 3711 831 3786 repetisset,
851 3721 946 3766 tamen
971 3726 1034 3762 earn
1062 3722 1121 3758 rem
1149 3723 1207 3759 non

183 3809 277 3867 nrinbs
299 3827 334 3864 ex
358 3815 517 3888 usustterrae
538 3805 650 3873 Galliac,
666 3801 752 3875 quarn
775 3799 873 3874 populi
898 3794 1026 3852 Romani
1048 3793 1206 3850 accidisse:

177 3905 330 3976 'propterea
353 3893 430 3971 quod
454 3913 489 3953 eo
511 3893 642 3964 consilio,
663 3887 872 3948 florentissimis
897 3885 993 3956 rebus,
1015 3883 1115 3940 domos
1141 3898 1208 3943 suas

495 3983 545 4042 «μ
