2566 4270
104 309 172 358 cn.
190 309 303 373 ease]
475 309 583 359 trusa
606 310 791 362 seminus.
834 312 836 322 ’
1095 313 1152 374 129

142 449 322 509 XXXVII.
353 453 431 510 Dum
454 452 516 509 baec
539 453 573 509 ad
600 453 773 529 Gergoviam
800 463 947 529 geruntur,
975 453 1151 512 Convictoli-

101 542 180 597 tanis
202 541 344 614 AEduus,
358 544 406 599 cui
426 544 622 618 magistratum
645 545 837 619 adjudicatum
863 563 879 600 a
899 545 1014 601 Caesare
1034 545 1150 602 demon·

101 631 278 703 stravimuS,
304 635 476 690 sollicitatus
498 635 534 689 ab
561 635 699 691 Arvernis
726 636 859 709 pecunie,
885 655 951 692 cum
978 637 1149 710 quibusdam

102 723 355 780 adolescentibus
385 725 565 798 colloquitur,
588 743 709 799 quorum
741 737 802 782 erat
834 727 968 800 princeps
1002 727 1149 784 Litavicus

102 823 192 885 atque
207 814 277 888 ejus
294 816 410 884 fratres,'
425 815 600 888 amplissimi
618 816 727 872 familiia
747 817 807 872 nati
829 817 1031 872 adolescentes.
1073 818 1148 874 Cum

101 901 138 957 iis
164 905 333 976 praemium
358 905 562 974 communicat,
584 906 777 979 hortaturque,
800 915 851 962 ‘ut
869 925 900 963 se
920 907 1025 962 liberos
1047 918 1075 963 et
1099 909 1150 964 im·

100 995 187 1066 perio
202 1005 296 1052 natos
320 995 524 1052 meminerint:
545 1013 631 1051 unam
652 1014 714 1052 esse
735 997 895 1052 AEduorum
916 997 1149 1070 civitatemque

102 1083 309 1142 certissimam
323 1085 426 1142 Galliae
441 1086 589 1142 victoriam
600 1087 751 1156 distineat3
773 1087 834 1161 ejus
847 1087 1015 1142 auctoritate
1026 1087 1150 1159 reliquas

102 1175 279 1245 contineri;
320 1176 377 1249 quit
408 1175 585 1246 transducti,
612 1176 709 1232 locum
743 1177 917 1232 consistendi
945 1177 1086 1233 Romania
1119 1178 1154 1234 in·

55 1324 59 1330 ,
102 1262 209 1321 Gallia
220 1285 286 1323 non
307 1266 385 1322 fore:
407 1283 469 1322 esse
489 1267 629 1323 nonnullo
648 1285 679 1323 se
699 1266 821 1324 Cesaris
843 1267 984 1324 beneficio
1004 1267 1149 1338 affectum,

101 1353 148 1409 sic
171 1365 294 1426 tamen,
317 1368 349 1413 ut
370 1357 554 1431 justissimam
577 1357 652 1432 apud
675 1375 742 1414 eum
766 1377 881 1414 causam
905 1357 1060 1414 obtinuerit
1068 1377 1076 1426 ;
1097 1358 1148 1414 sed

101 1444 169 1518 plus
184 1447 346 1503 communi
360 1447 484 1503 libertati
497 1448 641 1504 tribuere:
662 1467 714 1503 cur
728 1449 805 1504 enim
818 1447 915 1522 potiris
928 1449 1017 1504 AEdui
1038 1449 1075 1505 de
1095 1467 1149 1506 suo

101 1535 171 1610 jure
193 1549 225 1594 et
247 1538 292 1594 de
311 1538 423 1613 legibus
449 1538 483 1593 ad
505 1538 648 1594 Caesarem
669 1539 897 1613 disceptatorem,
913 1538 1147 1612 quamRomani

106 1627 145 1682 ad
175 1627 310 1697 AEduos,
337 1629 491 1684 veniantl’
546 1628 685 1685 Celeriter
710 1629 938 1686 adolescentibus
964 1640 993 1686 et
1019 1630 1148 1686 oratione

105 1717 306 1793 magistratus
327 1729 356 1775 et
376 1718 495 1793 praemio
519 1707 659 1787 deductis
683 1737 770 1792 quum
792 1737 824 1774 se
846 1719 889 1774 vel
916 1719 1060 1792 principes
1087 1720 1149 1793 ejus

108 1809 233 1866 consilii
260 1809 320 1865 fore
341 1808 551 1883 profiterentur,
575 1807 648 1864 ratio
669 1807 838 1881 perficiendi
859 1810 1047 1881 quaerebatur,
1070 1808 1147 1881 qudd

109 1898 269 1957 civitatem
290 1909 398 1956 temere
420 1898 455 1954 ad
480 1898 696 1972 suscipiendum
713 1899 829 1974 'bellum
852 1899 956 1954 adduci
980 1917 1062 1972 posse
1089 1917 1147 1956 non

110 1989 314 2047 confidebant.
354 1989 478 2059 Placuit,
493 1988 534 2046 uti
557 1989 704 2045 Litavicus
725 1989 825 2046 decem
846 1989 906 2046 illis
927 1989 1062 2058 millibus,
1083 2009 1146 2064 quar

111 2079 230 2138 Gaesari
247 2080 282 2136 ad
304 2080 408 2137 bellum
432 2080 620 2150 mitterentur,
634 2080 836 2154 praeficeretur,
852 2091 935 2154 atque
959 2098 994 2136 ea
1013 2081 1146 2138 ducenda

112 2183 245 2241 curaret,
268 2171 424 2244 fratresque
453 2171 513 2246 ejus
534 2170 570 2226 ad
593 2171 737 2228 Cesaram
763 2184 976 2246 precurrerent.
1019 2171 1147 2246 Reliqua

113 2261 175 2334 qud
190 2263 302 2318 ratione
317 2262 362 2338 agi
375 2263 496 2336 placeat,
512 2262 703 2318 constituunt.
768 2299 770 2309 ι

157 2350 338 2410 XXXVIII.
366 2352 522 2422 Litavicus,
548 2364 667 2425 accepto
692 2352 830 2422 exercitu,
852 2371 940 2426 quum
969 2352 1058 2411 millia
1083 2369 1146 2426 pas·

115 2459 207 2498 suum
230 2443 346 2499 circiter
368 2441 461 2497 XXX
485 2443 520 2496 ab
543 2441 703 2514 Gergovia·
714 2441 834 2512 abesset,
858 2443 1024 2498 convocatis
1050 2441 1154 2502 subito,

115 2531 272 2601 militibus,
296 2531 460 2598 lacrimans,
482 2536 500 2561 ‘⁴
513 2527 571 2600 quo
595 2528 831 2602 proficiscimur,”
862 2532 963 2604 inquit,
991 2527 1146 2588 “militesl

117 2618 228 2678 Omnis
241 2629 337 2676 noster
351 2619 504 2690 equitatus,
519 2616 613 2672 omnis
629 2617 762 2674 nobilitas
782 2619 905 2676 interiit:
926 2619 1071 2694 principes
1091 2621 1148 2676 cir·

118 2709 211 2780 itatis,
239 2707 417 2784 Eporedorix
440 2716 469 2763 et
494 2704 703 2791 Viridomarqs,
723 2706 878 2764 insimulati
904 2709 1083 2783 proditionis,
1112 2710 1147 2766 ab

119 2797 267 2856 Romanis
281 2798 389 2854 indicta
404 2797 490 2854 causi
504 2797 646 2854 interfecti
660 2807 734 2855 sunt
777 2797 851 2854 Haec
865 2800 900 2856 ab
915 2799 951 2856 iis
971 2800 1145 2875 cognoscite,

119 2887 175 2960 qui
189 2907 224 2946 ex
238 2890 298 2964 ipsa
318 2889 396 2946 caede
416 2888 568 2964 fugerunt:
589 2907 655 2945 nam
676 2907 740 2965 ego,
756 2889 889 2948 fratribus
910 2902 994 2964 atque
1014 2892 1146 2950 omnibus

119 2981 290 3055 propinquis
312 2979 382 3036 meis
403 2979 570 3049 intersectis,
585 2980 683 3036 dolore
703 2981 866 3055 prohibeor,
881 3000 944 3055 quae
967 2993 1047 3057 gesta
1068 2995 1144 3054 sunt,

119 3072 340 3144 pronunciare.”
381 3070 584 3127 Producuntur
606 3071 637 3141 ii,
652 3089 724 3144 quos
747 3071 795 3128 ille
817 3071 979 3142 edocuerat,
1001 3091 1064 3146 quae
1086 3074 1145 3131 dici

120 3163 220 3232 vellet;
243 3173 327 3236 atque
341 3162 451 3231 eadem,
467 3181 530 3234 quae
544 3160 692 3217 Litavicur
704 3161 953 3234 pronunciaverat,
968 3164 1145 3221 multitudini

121 3264 285 3328 exponunt:
314 3251 443 3308 ‘Omnes
467 3251 578 3323 equites
604 3250 765 3306 AEduorum
791 3252 964 3322 interfectos,
989 3252 1065 3326 quod
1088 3254 1146 3310 col·

121 3344 211 3414 locuti
233 3361 300 3398 curn
321 3341 459 3398 Arvernis
482 3340 663 3408 dicerentur;
686 3340 761 3414 ipsos
782 3359 812 3397 se
837 3341 909 3398 inter
933 3343 1144 3400 multitudinem

122 3433 246 3492 rnilitum
269 3431 440 3499 occultasse,
467 3440 550 3502 atque
574 3447 609 3486 ex
632 3430 725 3487 media
751 3431 830 3488 caede
850 3433 1026 3507 profugisse!
1069 3433 1146 3489 Con-

121 3525 249 3582 clamant
275 3520 373 3589 AEdui,
405 3530 434 3576 et
466 3519 638 3589 Litavicum,
666 3531 697 3576 ut
723 3521 777 3576 sibi
811 3523 950 3590 consulat,
984 3525 1143 3578 obsecrant

122 3621 142 3650 ‘⁴
153 3612 248 3673 Quasi
263 3608 358 3678 verb‚''
375 3609 466 3682 inquit
487 3609 544 3679 ille,
566 3611 709 3666 “consilii
729 3611 766 3668 sit
785 3631 840 3681 res,
856 3631 891 3668 ac
904 3631 962 3668 nnn
976 3628 1094 3667 necesse
1108 3610 1145 3665 sit

121 3704 206 3764 nobis
218 3700 391 3776 Gergoviam
410 3700 582 3756 contendere
602 3713 715 3758 etcum
737 3702 875 3758 Arvernis
895 3712 1007 3756 nosmet
1027 3697 1145 3770 conjun-

121 3813 198 3874 gere.
240 3793 290 3850 Au
309 3791 482 3862 dubitamus,
497 3790 577 3866 quin,
590 3791 701 3850 nefario
720 3791 849 3849 facinore
869 3789 1002 3858 admisso,
1016 3786 1144 3846 Romani
