2566 4270
111 281 190 358 cri».
206 307 322 372 ert-sa]
484 304 592 360 arana
613 289 826 360 sardinus&
1096 273 1165 370 ηδ’

111 441 293 526 duobusque
313 452 480 524 interfectis,
494 453 620 527 reliquos
635 453 745 528 aportd
765 449 883 527 paulirm
904 450 1053 508 submovit.
1096 451 1152 508 Co-

111 543 259 598 nantibus
275 544 404 599 auxiliari
419 544 487 614 suis,
503 551 521 576 “
535 543 668 614 frustra,''
684 545 786 616 inquit,
802 551 819 574 “
832 562 902 598 meae
917 544 980 598 vitae
1000 543 1151 599 subvenire

113 634 281 704 conamini,
297 620 383 707 quem
401 635 459 709 jam
481 635 598 710 sanguis
613 636 743 708 viresque
757 635 901 690 deliciunt.
944 634 1068 689 Proinde
1082 633 1151 689 hinc

115 713 210 790 abite,
237 723 305 780 dum
329 737 372 780 est
392 725 523 795 facultas,
547 745 653 799 vosque
678 727 713 781 ud
740 725 883 800 legionem
910 725 1056 798 recipite.'’
1105 723 1150 780 Ita

113 833 265 890 pugnans,
279 813 345 889 post
358 814 477 889 paulum
492 817 629 886 concidit,
645 835 679 872 ac
693 817 752 872 suis
766 817 849 872 saluti
865 817 926 871 fnit.

162 903 212 961 LI.
241 905 341 962 Nostri
355 925 444 978 quum
459 906 586 980 undique
599 919 805 980 premerentur,
820 906 919 961 XLVI
935 905 1150 962 centurionibus

117 996 247 1065 amissis,
261 997 366 1072 dejecti
380 1007 447 1052 sunt
461 997 544 1053 loco:
566 997 617 1052 sed
632 995 831 1052 intolerantius
851 996 949 1051 Gallos
970 997 1151 1068 insequentes

115 1087 202 1162 legio
215 1086 245 1142 X
259 1087 389 1157 tardavit,
405 1107 468 1160 quae
481 1105 533 1162 pro
553 1088 682 1144 subsidio
701 1087 787 1161 paulo
808 1087 931 1159 aequiore
951 1086 1016 1142 loco
1036 1087 1152 1142 constit·

116 1188 193 1234 erat.
236 1177 322 1233 Hanc
336 1197 434 1234 rursus
447 1177 524 1234 XIII
544 1179 667 1254 legionis
682 1179 813 1234 cohortes
828 1187 1011 1250 exceperunt,
1027 1195 1100 1250 quae,
1116 1194 1150 1232 ex

116 1269 226 1324 castris
239 1269 398 1324 minoribus
412 1269 534 1339 eductae,
549 1287 615 1324 curn
630 1269 667 1325 T.
684 1269 783 1324 Sextio
796 1269 891 1342 legato
905 1278 1040 1341 ceperant
1053 1267 1150 1324 locurn

116 1359 308 1432 superiorem.
350 1358 501 1434 Legiones
527 1360 577 1415 ubi
600 1357 724 1433 primum
747 1360 894 1434 planitiem
924 1359 1087 1433 attigerunt,
1108 1358 1150 1413 in·

117 1449 204 1505 lestis
231 1459 331 1505 contra
357 1449 452 1506 hostes
479 1451 569 1525 signis
602 1451 800 1506 constiterunt.
857 1450 1079 1525 Vercingetorix
1114 1449 1149 1504 ab

116 1540 270 1596 radicibus
285 1540 366 1596 collis
380 1560 445 1597 suos
460 1541 535 1596 intra
556 1542 729 1598 munitiones
750 1542 869 1597 reduxit.
912 1541 956 1596 Eo
976 1542 1023 1597 die
1044 1541 1149 1598 milites
1194 1579 1197 1582 -

116 1641 192 1687 sunt
204 1632 289 1705 paulo
303 1629 397 1688 mimis
411 1631 492 1687 DCC
513 1632 674 1688 desiderati.
1033 1649 1035 1654 ·

164 1720 228 1777 LII.
256 1721 375 1778 Postero
402 1721 449 1777 die
477 1722 583 1791 Caesar,
612 1722 753 1779 concione
786 1722 932 1789 advocata,
960 1722 1149 1778 temeritatem

111 1801 368 1892 'cupiditatemque
382 1812 505 1868 militum
520 1812 712 1886 reprehendit,
734 1811 829 1885 ‘qudd
851 1813 904 1867 sibi
926 1811 978 1886 ipsi
997 1812 1151 1886 judicavis-

116 1914 197 1973 sent,
222 1903 278 1977 quo
300 1903 514 1978 procedendum
543 1913 591 1959 aut
615 1903 683 1976 quid
708 1903 850 1978 agendum
876 1902 1027 1972 videretur,
1055 1913 1149 1975 neque

39 2057 42 2061 ⁴
115 1994 207 2070 signo
228 1993 385 2069 recipiendi
407 1993 474 2050 dato
495 1994 698 2064 constitissent,
714 2012 807 2066 neque
827 1993 861 2050 ab
882 1993 1004 2050 tribunis
1026 1993 1147 2049 militum

114 2085 281 2162 legatisque
302 2085 418 2142 retineri
441 2085 635 2160 potuissent:'
657 2085 795 2160 exposito,
824 2084 909 2158 ‘qnid
934 2084 1069 2158 iniquitas
1090 2083 1147 2150 loci

113 2187 227 2252 posset,
242 2166 310 2251 quid
333 2177 392 2251 ipse
414 2175 449 2232 ad
473 2177 631 2232 Avaricum
652 2177 797 2246 sensisset,
818 2195 916 2250 quum,
938 2177 1000 2232 sine
1024 2176 1099 2232 duce
1119 2185 1148 2232 et

121 2267 186 2325 sine
199 2267 328 2342 equitatu
350 2267 533 2342 deprehensis
555 2267 693 2338 hostibus,
707 2267 880 2342 exploratam
897 2267 1046 2324 victoriam
1066 2265 1148 2322 dimi·

119 2359 214 2428 sisset,
234 2377 271 2416 ne
290 2365 413 2433 parvum*
429 2356 514 2414 modb
540 2357 740 2414 detrimentum
770 2357 799 2412 in
823 2359 1007 2414 contentione
1033 2370 1147 2431 propter
1175 2421 1177 2426 y

119 2450 302 2523 iniquitatem
315 2448 373 2504 loci
388 2447 540 2504 accideret.
581 2447 703 2507 Quanto
716 2465 801 2520 opere
815 2466 913 2504 eorum
931 2446 1019 2502 animi
1040 2446 1148 2520 magni·

120 2540 253 2598 tudinem
281 2537 478 2606 admiraretur,
511 2554 582 2607 quos
609 2553 667 2590 non
695 2548 850 2591 castrorum
879 2537 1062 2604 munitiones,
1090 2554 1148 2592 non

122 2628 244 2687 altitudo
270 2627 385 2695 montis,
414 2643 472 2680 non
499 2641 597 2680 murus
624 2624 720 2698 oppidi
747 2625 860 2681 tardare
879 2625 1037 2698 potuisset3
1069 2635 1150 2682 tanto

122 2737 211 2796 opere
233 2715 382 2773 licentiam
407 2713 655 2790 arrogantiamque
680 2715 897 2788 reprehendere,
922 2713 998 2788 qudd
1022 2714 1086 2790 plris
1108 2733 1148 2788 se,

122 2812 210 2886 quam
225 2809 434 2882 imperatorem,
449 2806 485 2862 de
499 2805 618 2862 victoria
634 2816 718 2880 atque
738 2805 816 2862 exitu
837 2823 932 2862 rerum
951 2806 1057 2864 sentire
1077 2807 1149 2865 exis·

123 2903 276 2958 timerent:
297 2915 352 2954 nec
372 2895 467 2954 minus
488 2917 519 2954 se
540 2898 569 2954 in
589 2898 680 2954 milite
695 2897 863 2954 modestiam
881 2911 909 2954 et
930 2897 1146 2972 continentiam,

124 2989 210 3066 quam
225 2989 357 3048 virtutem
373 2999 457 3064 atque
472 2989 559 3046 animi
573 2989 801 3065 magnitudinem
815 2989 995 3046 desiderare!

161 3081 240 3139 LIII.
269 3075 336 3138 Hac
348 3071 446 3138 habiti
461 3081 612 3150 concione,
626 3092 655 3137 et
670 3080 704 3136 ad
724 3091 881 3136 extremum
897 3071 1024 3138 oratione
1046 3082 1147 3139 confir·

121 3174 205 3230 matis
218 3173 366 3241 militibus
382 3179 438 3228 ‘ne
451 3173 487 3226 ob
498 3171 574 3227 hanc
585 3189 700 3226 causam
717 3171 812 3226 animo
822 3183 1062 3245 permoverentur,
1078 3191 1146 3244 neu,

122 3264 198 3337 quod
206 3264 341 3335 iniquitas
348 3262 404 3318 loci
415 3261 564 3330 attulisset,
573 3261 706 3316 idvirtuti
715 3261 837 3318 hostium
846 3262 1002 3320 tribuerent
1011 3266 1032 3332 ;’
1046 3265 1145 3322 eadem

122 3355 158 3410 de
172 3352 350 3427 profectione
364 3352 505 3426 cogitans,
520 3369 582 3424 quae
605 3349 670 3406 antri
692 3363 828 3422 senserat,
843 3353 970 3428 legiones
991 3374 1026 3411 ex
1046 3357 1147 3412 castris

122 3443 230 3512 eduxit,
247 3441 513 3514 aciemqueidoneo
527 3441 591 3498 loco
608 3443 763 3499 constituit.
804 3443 904 3503 Quum
927 3445 1147 3520 Vercingetorix

122 3533 214 3591 nihilo
234 3531 326 3606 magis
347 3531 376 3586 in
397 3550 508 3604 aequum
530 3532 625 3588 locum
646 3533 841 3604 descenderet,
856 3535 911 3591 levi
932 3535 1009 3592 facto
1022 3536 1146 3608 equestri

122 3624 224 3700 proelio
239 3633 323 3695 atque
337 3640 372 3678 eo
390 3623 526 3692 secundo,
542 3623 571 3679 in
592 3633 685 3678 castra
705 3626 862 3681 exercitum
883 3626 1003 3682 reduxit.
1044 3625 1147 3684 Quum

123 3716 178 3772 hoc
193 3714 269 3770 idem
283 3723 398 3787 postero
412 3713 459 3768 die
480 3713 603 3783 lecisset,
618 3713 686 3770 satis
707 3715 742 3770 ad
765 3715 907 3772 Gallicam
928 3714 1147 3772 ostentationem

123 3805 310 3864 minuendam
336 3803 515 3877 militumque
544 3804 663 3885 animos·
680 3805 891 3862 confirmandos
917 3805 1025 3861 facturn
1052 3804 1148 3862 existi·

123 3885 214 3969 nans,
229 3895 259 3953 in
273 3894 387 3954 AEduos
401 3883 494 3952 castra
507 3894 602 3952 movit.
645 3894 692 3952 Ne
712 3905 773 3952 turn
795 3894 911 3968 quidem
920 3895 921 3900 ’
931 3892 1070 3952 insecutis
1083 3895 1147 3956 hos·
