2578 4270
92 213 129 310 lb
214 219 229 248 ¹*
417 245 463 294 bc
488 243 603 292 cccco
627 241 786 290 cancico
930 235 1007 301 [cii.
1024 237 1118 296 30,31.

92 387 219 448 Helvetii
236 387 428 461 reliquissent,
442 384 486 442 uti
498 385 551 448 teti
574 384 676 441 Galliae
698 383 805 438 bellum
826 381 972 449 inferrent,
989 379 1120 453 imperio-

92 499 147 552 que
158 483 327 552 potirentur,
342 479 495 549 locumque
510 475 657 530 domicilio
671 492 706 530 ex
720 474 824 547 inagna
844 473 927 544 copiis
950 471 1118 543 deligerent,

92 587 175 640 quern
205 589 240 624 ex
267 570 345 624 omni
372 568 467 624 Galia
501 566 771 639 opportunissimum
801 582 833 617 ac
862 563 1119 617 fructuosissimum

89 657 277 731 judiedssent,
299 659 478 731 reliquasque
500 659 629 712 civitates
650 655 848 728 stipendiarias
869 653 1023 710 habereut)
1057 653 1119 708 l'et·

95 749 197 817 ierunt,
213 748 271 805 ‘uti
287 750 341 804 sibi
362 749 517 804 concilium
531 747 618 802 totius
632 746 733 800 Galliae
749 746 777 800 in
793 745 868 800 diem
888 757 995 800 certam
1011 744 1119 799 indice-

92 855 133 906 re,
149 839 234 910 idque
256 839 378 894 Caesaris
400 838 545 892 voluntate
568 837 672 905 lacere,
687 837 805 892 liceret:
827 854 889 892 sese
908 836 1013 892 habere
1038 854 1119 908 quas·

92 927 158 982 dam
174 947 227 996 res,
242 947 313 1000 quas
327 947 362 983 ex
376 927 521 983 communi
538 945 679 982 consensu
696 927 730 980 ab
744 944 779 981 eo
792 937 889 1000 petere
910 926 1031 981 vellent)
1075 926 1118 980 Et

19 1087 21 1095 Ι
93 1035 123 1071 re
137 1019 285 1090 permissit,
301 1017 376 1073 diem
392 1017 516 1073 concilio
531 1018 750 1085 constituerunt,
762 1028 791 1071 et
802 1016 996 1090 jurejurando,
1009 1034 1044 1070 ne
1056 1018 1118 1088 quis

93 1107 271 1176 enunciaret,
286 1109 341 1163 nisi
356 1107 459 1180 quibus
474 1108 619 1162 communi
634 1107 756 1162 consilio
769 1107 934 1162 mandatum
949 1119 1032 1176 essct,
1046 1109 1116 1162 inter

93 1214 124 1251 se
138 1209 300 1253 sanxerunt.
352 1257 357 1266 ,
750 1199 755 1209 ’

133 1286 249 1343 XXXI.
280 1288 322 1344 Eo
337 1289 461 1344 concilio
482 1287 609 1359 dimisso,
625 1287 710 1346 iidem
732 1289 876 1362 principes
898 1288 1054 1356 civitatum,
1070 1287 1137 1360 qui5

95 1377 159 1432 ante
187 1377 297 1434 fuerant
320 1379 354 1434 ad
378 1379 533 1448 Caesarem,
555 1392 741 1450 reverterunt,
766 1382 976 1454 petieruntque,
999 1378 1037 1434 uti
1064 1380 1118 1435 sibi

94 1469 204 1524 secreti)
221 1469 248 1524 in
264 1469 379 1526 occulto
393 1469 429 1526 de
443 1471 494 1526 suia
509 1471 695 1544 omniumque
710 1471 800 1526 salute
816 1489 881 1525 cum
897 1489 1031 1546 coegere
1052 1470 1119 1526 lice-

93 1569 143 1613 ret.
187 1557 229 1614 Ed
246 1579 275 1616 re
291 1562 449 1636 impetrati,
462 1582 525 1620 sese
539 1581 638 1618 omnes
650 1561 750 1616 flentes
765 1561 871 1616 Casari
885 1561 919 1615 ad
932 1561 1018 1635 pedes
1029 1562 1119 1635 proje-

93 1663 210 1708 cerunt:
234 1651 319 1708 ‘Non
341 1653 435 1709 minias
457 1673 487 1710 se
510 1654 538 1709 id
560 1653 734 1708 contendere
749 1664 776 1707 et
792 1653 931 1721 laborare,
946 1671 982 1708 ne
997 1671 1040 1722 ea,
1056 1671 1117 1725 quae

94 1741 239 1814 dixissent,
255 1745 487 1814 enunciarentur,
503 1743 588 1816 qnam
603 1743 643 1798 uti
660 1761 702 1812 ea,
715 1763 777 1815 quae
793 1745 906 1811 vellent,
919 1743 1100 1816 impetrarent
1109 1763 1116 1812 ;

92 1847 241 1906 propterea
255 1835 342 1910 quod,
357 1836 380 1892 si
396 1836 581 1892 enunciatum
597 1845 680 1902 esset,
696 1853 838 1888 summum
855 1835 883 1889 in
905 1835 1067 1890 cruciatum
1088 1853 1117 1891 se

93 1939 227 1984 venturos
250 1928 395 1984 viderent!
438 1928 567 1983 Locutus
590 1935 632 1980 est
657 1945 708 1998 pro
733 1925 776 1979 lris
801 1924 961 1979 Divitiacus
986 1925 1117 1981 AEduus:

94 2017 215 2073 ‘Galliae
229 2019 316 2074 totius
332 2019 469 2074 factiones
483 2035 545 2071 esse
559 2016 647 2070 duas:
671 2016 771 2070 barum
792 2015 907 2070 alterius
926 2017 1118 2090 principatum

94 2117 191 2163 tenere
207 2107 326 2178 AEduos‚
343 2109 457 2164 alterius
477 2108 628 2161 Arvernos.
672 2105 711 2160 Hi
734 2124 822 2177 quum
847 2117 995 2179 tantopere
1016 2107 1051 2162 de
1071 2127 1119 2181 po-

94 2209 203 2254 tentatu
220 2199 291 2254 inter
306 2215 336 2254 se
351 2199 453 2254 multos
469 2217 556 2252 annis
578 2195 793 2263 contenderent,
810 2195 916 2251 sactum
938 2213 1010 2266 esse,
1027 2197 1065 2254 uti
1084 2200 1119 2253 ab

95 2287 232 2344 Arvernis
244 2289 439 2361 Sequanisque
451 2288 587 2343 Germani
599 2285 731 2342 mercede
744 2299 962 2344 arcesserentur.
1006 2288 1117 2344 Horum

95 2377 185 2450 primb
202 2379 316 2434 circiter
331 2379 420 2434 millia
434 2379 489 2432 XV
511 2379 643 2432 lilrenum
662 2376 816 2433 transisse:
837 2390 1021 2452 posteaquam
1038 2400 1119 2454 agros
1190 2379 1192 2384 ’

94 2480 122 2523 et
137 2469 245 2524 cultum
261 2481 289 2525 et
303 2471 400 2542 copias
414 2470 561 2522 Gitonis
577 2467 707 2522 homines
729 2468 779 2523 feri
803 2487 836 2523 ac
858 2469 970 2524 barbari
993 2469 1120 2525 adamas-

94 2572 166 2628 sem,
182 2560 362 2617 transductos
376 2561 486 2634 pluras-w
510 2577 587 2614 nunc
602 2576 664 2613 esse
679 2559 707 2613 in
729 2559 822 2614 Gallia
844 2559 877 2614 ad
900 2560 924 2614 C
940 2572 968 2616 et
983 2561 1041 2616 XX
1060 2562 1120 2616 mil·

93 2648 162 2705 lium
189 2670 357 2707 numerum:
493 2651 536 2704 lris
564 2648 675 2704 AEduos
703 2668 858 2722 eorumque
886 2651 1005 2707 clientes
1032 2650 1118 2707 semel

96 2751 179 2810 atque
202 2744 301 2796 iterum
325 2762 360 2831 qr*
488 2742 628 2804 ‘voslissm
653 2759 784 2808 inignem
808 2741 998 2797 calamitatem
1024 2743 1119 2815 pulsos

96 2833 250 2903 accepisse,
266 2851 329 2884 ouu·
355 2857 357 2862 v
374 2869 377 2882 ,
397 2833 580 2897 soliditatem,
596 2849 708 2884 omnem
725 2842 863 2898 serratum,
879 2850 992 2886 omnem
1012 2835 1120 2904 equita-

95 2935 153 2977 tum
172 2923 296 2976 aruisissi·
348 2922 462 2974 ·‘.:uibus
478 2921 583 2992 prmliis
605 2919 870 2991 calamitatibusque
892 2921 1006 2991 fractoS,
1023 2924 1069 2995 qni
1092 2936 1133 2979 et.

96 3014 146 3066 suri
163 3013 263 3065 virtute
282 3025 302 3062 ε’,
360 3010 415 3081 puli
433 3009 556 3064 Romani
574 3009 695 3082 bospitio
711 3022 794 3080 atque
817 3012 941 3066 amicitiai
956 3013 1118 3096 'plurimirm

96 3102 160 3156 ante
179 3103 204 3155 iu
221 3102 311 3154 G·lt=r
338 3101 503 3171 punissent,
519 3113 634 3155 coactos
656 3102 717 3154 ess'e
741 3100 882 3172 Sequanis
906 3103 1019 3158 obsides
1042 3105 1118 3171 dire,

96 3192 285 3247 nobilissimis
302 3191 431 3257 civitatis,
447 3202 475 3246 et
493 3189 677 3264 jurejurando
696 3193 840 3247 civitatem
856 3194 1043 3267 obstringere,
1059 3214 1120 3249 sese

95 3300 187 3352 neque
206 3281 318 3335 obsides
333 3283 510 3353 repetituros,
522 3298 615 3353 neque
628 3282 762 3336 auxilium
780 3302 794 3337 a
809 3285 913 3356 populo
926 3284 1059 3340 Romano
1071 3287 1120 3340 im-

95 3372 261 3444 ploraturos
278 3389 369 3442 neque
390 3383 579 3436 recuseturos
595 3368 651 3440 qud
678 3370 772 3426 mimis
787 3373 923 3445 perpetuo
939 3375 992 3428 sub
1008 3376 1119 3430 illerum

94 3461 202 3514 ditione
218 3472 300 3530 atque
316 3461 434 3532 imperio
455 3471 556 3515 essent.
589 3458 694 3526 qUuum
716 3480 746 3515 se
768 3480 830 3517 esse
851 3481 884 3517 ex
906 3466 982 3520 omni
1006 3466 1120 3520 civitate

95 3549 266 3614 AEduorum‚
283 3549 329 3619 qui
347 3549 448 3604 adduci
465 3569 521 3604 non
537 3548 669 3620 potuerit,
686 3562 716 3604 ut
727 3551 844 3622 juraret,
862 3567 908 3608 aut
930 3574 995 3608 suos
1017 3555 1121 3609 liberos
1169 3561 1173 3566 '

93 3639 207 3692 obsides
222 3639 308 3693 daret.
344 3638 391 3694 Ob
407 3657 468 3693 eam
484 3657 542 3693 rem
559 3657 588 3693 se
603 3657 637 3694 ex
648 3639 762 3694 civitate
774 3642 943 3715 profugisse,
956 3657 984 3698 et
996 3643 1120 3698 Romam

94 3727 127 3781 ad
152 3740 281 3782 senorum
305 3747 424 3794 venisse,
453 3730 587 3783 auxilium
613 3731 795 3802 postulatum.
820 3731 895 3803 qnod
925 3733 1001 3788 solus
1029 3751 1120 3804 neque

89 3815 275 3890 jurejurando
301 3835 395 3890 neque
415 3818 563 3874 obsidibus
583 3832 737 3876 teneretur.
780 3821 839 3876 Sed
861 3822 943 3896 pejris
965 3823 1121 3882 victoribus
