2578 4270
122 242 176 300 38Ι
449 239 498 290 Du
518 240 637 290 BBLLO
661 241 820 290 GALLlCO
964 239 1031 290 Car.
1050 241 1163 290 17-20.

123 381 179 439 His
193 382 279 439 rebus
292 400 381 456 quum
401 381 455 440 iter
476 383 598 459 agminis
618 383 707 440 nostri
730 383 925 458 impediretur,
940 402 998 440 non
1020 383 1164 440 omitten-

123 474 191 528 dum
205 473 259 530 sibi
275 473 427 530 consilium
441 473 542 530 Nervii
556 475 796 532 existimaverunt.

163 563 276 621 XVIII.
295 564 377 636 vLoci
401 575 504 622 natura
527 577 588 622 erat
612 565 684 636 baec,
703 584 794 638 ,quem
818 565 915 620 locum
939 565 1029 620 nostri
1050 564 1162 620 castris

123 654 296 729 delegerant.
338 655 428 716 Collis
456 657 492 712 ab
519 675 631 712 summo
658 656 804 730 aqualiter
833 656 953 712 declivis
981 656 1017 711 ad
1044 655 1159 712 flumen

124 745 232 815 Sabim,
257 745 333 819 quod
357 745 443 820 suprd
464 747 684 817 nominavimus,
713 747 855 821 vergebat.
897 747 946 802 Ab
970 765 1005 802 eo
1032 745 1158 802 flumine

122 835 184 908 pari
200 836 360 894 acclivitate
381 837 463 894 collis
481 837 651 894 nascebatur
676 837 810 892 adversus
834 837 903 893 huic
927 848 955 893 et
979 837 1156 905 contrarius

122 944 222 999 passus
246 927 361 984 circiter
383 927 532 997 ducentos,
555 927 654 984 infima
682 926 806 1002 ap'ertuS,
835 928 870 983 ab
897 928 1043 1002 superiore
1071 937 1157 1001 parte

123 1017 268 1087 silvestris,
296 1029 328 1074 ut
352 1038 411 1074 non
436 1017 521 1074 facilc
546 1018 685 1074 introrsus
708 1018 831 1092 perspici
855 1029 958 1092 posset.
1000 1017 1081 1074 I'ntra
1103 1036 1156 1074 eas

122 1107 207 1164 silvas
229 1109 323 1164 hostes
338 1109 367 1164 in
381 1109 498 1164 occulto
511 1127 574 1164 sese
588 1109 775 1164 continebant
787 1129 792 1165 :
816 1109 845 1163 in
861 1119 958 1182 aperto
971 1108 1036 1164 loco
1049 1127 1157 1166 secun·

123 1198 192 1254 dum
220 1198 326 1254 flumen
350 1218 450 1272 paucae
474 1199 610 1254 stationes
633 1198 760 1271 equiturn
788 1199 965 1254 videbantur.
1007 1199 1155 1254 Fluminis

123 1299 184 1344 erat
205 1288 325 1344 altitudo
345 1289 450 1362 pedum
471 1288 586 1344 circiter
607 1289 701 1344 trium.

163 1377 249 1434 XIX.
282 1379 389 1448 Caesar,
422 1378 551 1452 equitatu
581 1379 736 1452 praemiSSO,
765 1379 990 1453 subsequebatur
1017 1379 1154 1434 omnibus

125 1469 230 1542 copiis:
253 1469 303 1525 sed
318 1470 390 1526 ratio
403 1469 530 1542 ordoque
552 1469 673 1544 agminis
695 1469 775 1524 aliter
796 1488 827 1524 se
848 1469 980 1538 habebat,
997 1489 1030 1524 ac
1052 1469 1153 1544 Belgae

125 1559 160 1614 ad
174 1559 297 1616 Nervios
312 1560 479 1616 detulerant.
521 1559 608 1629 Nam,
623 1559 701 1631 quod
723 1559 758 1616 ad
779 1560 874 1616 hostes
896 1561 1152 1634 appropinquabat,

124 1652 332 1708 consuetudine
346 1652 398 1707 sua
419 1651 516 1707 Caesar
537 1670 587 1706 sex
605 1651 734 1726 legiones
758 1651 904 1724 expeditas
925 1651 1065 1706 ducebat:
1087 1661 1153 1724 post

124 1760 172 1797 eas
186 1743 272 1798 totius
287 1742 430 1798 exercitiis
444 1741 647 1816 impedimenta
661 1741 832 1796 collocarat:
856 1741 922 1796 inde
937 1741 999 1795 dua
1010 1741 1153 1815 legioneS,

125 1850 187 1903 quar
201 1832 328 1906 proxime
351 1833 520 1906 conscriptae
541 1844 631 1901 erant,
646 1843 737 1888 totum
759 1851 862 1906 agmen
884 1831 1065 1900 claudebant,
1081 1851 1153 1906 prae-

125 1921 254 1994 sidioque
268 1923 478 1996 impedimentis
492 1934 580 1978 erant.
622 1923 741 1996 Equites
755 1923 854 1992 nostri,
871 1941 936 1977 curn
958 1921 1152 1978 funditoribus

125 2013 334 2087 sagittariisque
349 2013 454 2070 fiumen
469 2013 646 2087 transgressi,
659 2033 725 2068 cum
740 2007 863 2070 liostium
879 2013 1006 2085 equitatu
1017 2013 1151 2086 proelium

125 2104 337 2159 commiserunt.
378 2103 480 2164 Quum
494 2123 525 2159 se
539 2105 580 2159 illi
595 2103 750 2159 identidem
766 2103 795 2158 in
810 2103 895 2158 silvas
917 2103 951 2158 ad
972 2122 1038 2158 suos
1060 2105 1152 2178 recip-

125 2208 215 2263 erent,
231 2213 265 2250 ac
286 2213 383 2249 rursus
408 2212 441 2249 ex
464 2195 534 2249 silva
557 2195 586 2249 in
611 2205 721 2249 nostros
744 2194 880 2266 impetum
904 2194 1040 2263 facerent,
1056 2213 1151 2267 neque

125 2285 214 2340 nostri
229 2283 351 2360 longine,
367 2283 452 2357 qubm
467 2303 551 2357 quem
567 2285 601 2340 ad
626 2284 711 2340 finem
735 2293 867 2357 porrecta
887 2283 951 2338 loca
973 2297 1068 2358 aperta
1088 2305 1151 2359 per-

125 2375 264 2446 tinebant,
280 2376 414 2431 cedentes
430 2375 539 2448 insequi
556 2376 709 2430 auderent:
732 2373 845 2430 interim
864 2373 992 2448 legiones
1013 2394 1071 2445 sex,
1087 2396 1150 2448 quae
1177 2437 1186 2450 ,

124 2468 222 2542 primae
237 2478 381 2536 venerant,
397 2485 482 2540 opere
497 2466 635 2535 dimen50,
651 2476 744 2520 castra
763 2464 875 2520 munire
896 2477 1051 2538 coeperunt.
1093 2467 1149 2522 Ubi

124 2558 216 2631 prima
230 2559 435 2632 impedimenta
448 2557 537 2614 nostri
552 2557 694 2613 exercitiis
716 2557 750 2611 ab
771 2555 826 2624 his,
841 2555 890 2628 qui
912 2555 940 2610 in
961 2556 1039 2612 silvis
1062 2557 1148 2614 abditi

125 2649 259 2718 latebant,
275 2651 334 2706 visa
348 2661 423 2719 sunt,
440 2648 528 2724 (quod
544 2659 654 2721 tempus
674 2647 746 2702 inter
768 2666 818 2702 eos
839 2647 1035 2702 committendi
1057 2649 1148 2721 proelii

126 2742 312 2817 convenerat)
328 2742 376 2809 ita,
391 2752 422 2796 ut
436 2741 510 2795 intra
524 2739 607 2794 silvas
629 2739 718 2793 aciem
741 2737 912 2810 ordinesque
933 2739 1148 2809 constituerant,

127 2840 211 2901 atque
226 2831 278 2903 ipsi
293 2848 355 2884 sese
376 2830 621 2897 confirmaverant,
636 2827 730 2884 subitb
753 2827 887 2883 omnibus
911 2829 1001 2902 copiis
1024 2830 1150 2902 provola-

126 2931 236 2988 verunt,
266 2920 459 2991 impetumque
483 2919 511 2973 in
534 2929 644 2974 nostros
671 2919 781 2990 equites
806 2918 944 2975 lecerunt.
987 2919 1042 2976 His
1065 2919 1147 2976 sacild

126 3010 215 3084 pulsis
231 3028 263 3064 ac
277 3008 460 3082 proturbatis,
475 3008 636 3064 incredibili
659 3009 804 3066 celeritate
827 3009 862 3064 ad
883 3009 990 3066 flumen
1011 3010 1149 3066 decucur-

127 3111 234 3169 rerunt,
249 3109 281 3154 ut
294 3118 376 3172 paene
390 3117 448 3154 uno
462 3109 589 3173 tempore
603 3110 631 3155 et
646 3099 679 3154 ad
692 3100 775 3156 silvas
790 3114 818 3157 et
832 3101 861 3157 in
876 3100 993 3156 llumine
1007 3112 1035 3156 et
1046 3100 1105 3174 jam
1120 3103 1148 3158 in

127 3191 259 3246 manibus
283 3189 386 3244 nostris
407 3189 502 3245 hostes
529 3189 700 3246 viderentur.
742 3191 852 3247 Eiidem
882 3201 976 3246 autem
1004 3191 1148 3248 celeritate

128 3281 250 3355 adverso
260 3280 332 3334 colle
348 3279 382 3334 ad
396 3289 493 3335 nostra
507 3290 600 3336 castra
615 3291 699 3354 atque
720 3299 778 3350 eos,
793 3282 841 3353 qui
860 3281 890 3337 in
911 3300 996 3356 opere
1017 3283 1148 3358 occupati

127 3381 218 3438 erant,
234 3370 450 3425 contenderunt.

167 3460 236 3516 XX.
266 3459 372 3514 Caesari
397 3461 494 3535 omnia
518 3479 576 3515 uno
599 3471 726 3534 tempore
750 3471 831 3516 erant
859 3461 987 3534 agenda:
1017 3462 1147 3518 vexillum

126 3550 353 3627 proponendum,
368 3550 443 3622 quod
458 3561 518 3606 erat
532 3549 653 3624 insigne,
669 3569 755 3622 quum
773 3550 806 3606 ad
824 3570 900 3606 arma
916 3552 1048 3606 concurri
1071 3571 1147 3625 opor·

127 3653 217 3699 teret:
239 3641 351 3716 signum
367 3640 436 3696 tuba
458 3639 598 3695 dandum:
623 3640 657 3694 ab
676 3659 761 3712 opere
783 3641 935 3696 revocandi
958 3640 1079 3696 milites:
1102 3643 1146 3714 qui

127 3732 212 3807 paulo
228 3730 341 3806 longius
363 3730 475 3806 aggeris
494 3728 611 3804 petendi
635 3730 722 3786 causei
746 3741 952 3802 processerant,
969 3732 1146 3789 arcessendi:

129 3823 206 3878 acies
220 3821 395 3891 instruenda,
409 3820 514 3878 milites
535 3819 715 3889 cohortandi,
730 3820 844 3894 signum
864 3821 1008 3877 dandum:
1031 3841 1146 3895 quarum
