<?xml version="1.0" encoding="UTF-8"?>
<!DOCTYPE html PUBLIC "-//W3C//DTD XHTML 1.0 Transitional//EN"
    "http://www.w3.org/TR/xhtml1/DTD/xhtml1-transitional.dtd">
<html xmlns="http://www.w3.org/1999/xhtml" xml:lang="en" lang="en">
 <head>
  <title>
</title>
<meta http-equiv="Content-Type" content="text/html;charset=utf-8" />
  <meta name='ocr-system' content='tesseract 3.04.00' />
  <meta name='ocr-capabilities' content='ocr_page ocr_carea ocr_par ocr_line ocrx_word'/>
</head>
<body>
  <div class='ocr_page' id='page_1' title='image "./cjuliuscaesarsc00caesgoog_0130.png"; bbox 0 0 2566 4270; ppageno 0'>
   <div class='ocr_carea' id='block_1_1' title="bbox 126 257 1169 344">
    <p class='ocr_par' dir='ltr' id='par_1_1' title="bbox 126 257 1169 344">
     <span class='ocr_line' id='line_1_1' title="bbox 126 257 1169 344; baseline -0.014 -19"><span class='ocrx_word' id='word_1_1' title='bbox 126 275 186 344; x_wconf 74' lang='lat' dir='ltr'>ns</span> <span class='ocrx_word' id='word_1_2' title='bbox 455 263 506 316; x_wconf 83' lang='lat' dir='ltr'>nu</span> <span class='ocrx_word' id='word_1_3' title='bbox 528 260 647 314; x_wconf 77' lang='lat' dir='ltr'>santo</span> <span class='ocrx_word' id='word_1_4' title='bbox 670 258 833 309; x_wconf 72' lang='lat' dir='ltr'>caturco</span> <span class='ocrx_word' id='word_1_5' title='bbox 976 257 1058 324; x_wconf 70' lang='lat' dir='ltr'>[cn</span> <span class='ocrx_word' id='word_1_6' title='bbox 1075 261 1169 322; x_wconf 76' lang='lat'>11,14</span> 
     </span>
    </p>
   </div>
   <div class='ocr_carea' id='block_1_2' title="bbox 124 402 1177 578">
    <p class='ocr_par' dir='ltr' id='par_1_2' title="bbox 124 402 1177 578">
     <span class='ocr_line' id='line_1_2' title="bbox 124 402 1177 518; baseline -0.011 -44"><span class='ocrx_word' id='word_1_7' title='bbox 124 415 213 518; x_wconf 80' lang='lat' dir='ltr'>paulo</span> <span class='ocrx_word' id='word_1_8' title='bbox 226 423 293 471; x_wconf 83' lang='lat' dir='ltr'>ants</span> <span class='ocrx_word' id='word_1_9' title='bbox 313 407 439 470; x_wconf 82' lang='lat' dir='ltr'>mediam</span> <span class='ocrx_word' id='word_1_10' title='bbox 459 417 577 468; x_wconf 86' lang='lat' dir='ltr'>noctem</span> <span class='ocrx_word' id='word_1_11' title='bbox 599 403 716 464; x_wconf 89' lang='lat' dir='ltr'>silentio</span> <span class='ocrx_word' id='word_1_12' title='bbox 737 422 774 462; x_wconf 86' lang='lat' dir='ltr'>ex</span> <span class='ocrx_word' id='word_1_13' title='bbox 795 402 904 480; x_wconf 92' lang='lat' dir='ltr'>oppido</span> <span class='ocrx_word' id='word_1_14' title='bbox 925 403 1045 480; x_wconf 83' lang='lat' dir='ltr'>egressi,</span> <span class='ocrx_word' id='word_1_15' title='bbox 1060 403 1177 464; x_wconf 91' lang='lat' dir='ltr'>flumen</span> 
     </span>
     <span class='ocr_line' id='line_1_3' title="bbox 125 495 1176 578; baseline -0.013 -12"><span class='ocrx_word' id='word_1_16' title='bbox 125 507 248 566; x_wconf 90' lang='lat' dir='ltr'>transire</span> <span class='ocrx_word' id='word_1_17' title='bbox 268 512 427 578; x_wconf 68' lang='lat' dir='ltr'>caeperunt.</span> <span class='ocrx_word' id='word_1_18' title='bbox 468 499 541 560; x_wconf 77' lang='lat' dir='ltr'>Qud</span> <span class='ocrx_word' id='word_1_19' title='bbox 561 517 593 556; x_wconf 91' lang='lat' dir='ltr'>re</span> <span class='ocrx_word' id='word_1_20' title='bbox 613 516 665 573; x_wconf 88' lang='lat' dir='ltr'>per</span> <span class='ocrx_word' id='word_1_21' title='bbox 687 495 883 570; x_wconf 79' lang='lat' dir='ltr'>exploratores</span> <span class='ocrx_word' id='word_1_22' title='bbox 904 495 1055 565; x_wconf 89' lang='lat' dir='ltr'>nunciata,</span> <span class='ocrx_word' id='word_1_23' title='bbox 1071 495 1176 552; x_wconf 81' lang='lat' dir='ltr'>Caesar</span> 
     </span>
    </p>
   </div>
   <div class='ocr_carea' id='block_1_3' title="bbox 124 587 1218 3979">
    <p class='ocr_par' dir='ltr' id='par_1_3' title="bbox 124 587 1177 1126">
     <span class='ocr_line' id='line_1_4' title="bbox 125 587 1177 688; baseline -0.011 -32"><span class='ocrx_word' id='word_1_24' title='bbox 125 597 265 688; x_wconf 82' lang='lat' dir='ltr'>legiones,</span> <span class='ocrx_word' id='word_1_25' title='bbox 290 613 362 669; x_wconf 90' lang='lat' dir='ltr'>quas</span> <span class='ocrx_word' id='word_1_26' title='bbox 384 591 533 667; x_wconf 85' lang='lat' dir='ltr'>expeditas</span> <span class='ocrx_word' id='word_1_27' title='bbox 557 607 621 646; x_wconf 89' lang='lat' dir='ltr'>esse</span> <span class='ocrx_word' id='word_1_28' title='bbox 640 589 775 664; x_wconf 88' lang='lat' dir='ltr'>jusserat,</span> <span class='ocrx_word' id='word_1_29' title='bbox 797 587 888 662; x_wconf 89' lang='lat' dir='ltr'>portis</span> <span class='ocrx_word' id='word_1_30' title='bbox 914 587 1053 658; x_wconf 86' lang='lat' dir='ltr'>incensis,</span> <span class='ocrx_word' id='word_1_31' title='bbox 1083 588 1177 644; x_wconf 92' lang='lat' dir='ltr'>intro-</span> 
     </span>
     <span class='ocr_line' id='line_1_5' title="bbox 126 679 1176 761; baseline -0.01 -15"><span class='ocrx_word' id='word_1_32' title='bbox 126 679 223 758; x_wconf 80' lang='lat' dir='ltr'>mittit,</span> <span class='ocrx_word' id='word_1_33' title='bbox 252 698 338 761; x_wconf 86' lang='lat' dir='ltr'>atque</span> <span class='ocrx_word' id='word_1_34' title='bbox 369 684 476 760; x_wconf 92' lang='lat' dir='ltr'>oppido</span> <span class='ocrx_word' id='word_1_35' title='bbox 501 681 621 758; x_wconf 92' lang='lat' dir='ltr'>potitur,</span> <span class='ocrx_word' id='word_1_36' title='bbox 648 679 803 756; x_wconf 79' lang='lat' dir='ltr'>perpaucis</span> <span class='ocrx_word' id='word_1_37' title='bbox 830 697 866 736; x_wconf 86' lang='lat' dir='ltr'>err</span> <span class='ocrx_word' id='word_1_38' title='bbox 892 679 1019 744; x_wconf 85' lang='lat' dir='ltr'>hostium</span> <span class='ocrx_word' id='word_1_39' title='bbox 1047 698 1176 736; x_wconf 89' lang='lat' dir='ltr'>numero</span> 
     </span>
     <span class='ocr_line' id='line_1_6' title="bbox 126 771 1174 852; baseline -0.009 -16"><span class='ocrx_word' id='word_1_40' title='bbox 126 777 306 849; x_wconf 88' lang='lat' dir='ltr'>desideratis,</span> <span class='ocrx_word' id='word_1_41' title='bbox 321 777 391 852; x_wconf 88' lang='lat' dir='ltr'>quin</span> <span class='ocrx_word' id='word_1_42' title='bbox 406 774 506 832; x_wconf 91' lang='lat' dir='ltr'>cuncti</span> <span class='ocrx_word' id='word_1_43' title='bbox 521 784 703 850; x_wconf 79' lang='lat' dir='ltr'>caperentur,</span> <span class='ocrx_word' id='word_1_44' title='bbox 718 771 797 846; x_wconf 75' lang='lat' dir='ltr'>quiid</span> <span class='ocrx_word' id='word_1_45' title='bbox 811 771 908 846; x_wconf 91' lang='lat' dir='ltr'>pontis</span> <span class='ocrx_word' id='word_1_46' title='bbox 923 781 1009 844; x_wconf 89' lang='lat' dir='ltr'>atque</span> <span class='ocrx_word' id='word_1_47' title='bbox 1031 771 1174 828; x_wconf 89' lang='lat' dir='ltr'>itinerum</span> 
     </span>
     <span class='ocr_line' id='line_1_7' title="bbox 127 862 1174 948; baseline -0.008 -19"><span class='ocrx_word' id='word_1_48' title='bbox 127 871 267 948; x_wconf 76' lang='lat' dir='ltr'>angustiae</span> <span class='ocrx_word' id='word_1_49' title='bbox 292 867 470 926; x_wconf 82' lang='lat' dir='ltr'>multitudini</span> <span class='ocrx_word' id='word_1_50' title='bbox 494 865 592 942; x_wconf 86' lang='lat' dir='ltr'>lugam</span> <span class='ocrx_word' id='word_1_51' title='bbox 617 863 847 922; x_wconf 77' lang='lat' dir='ltr'>intercluserunt.</span> <span class='ocrx_word' id='word_1_52' title='bbox 890 862 1041 938; x_wconf 91' lang='lat' dir='ltr'>Oppidum</span> <span class='ocrx_word' id='word_1_53' title='bbox 1068 863 1174 939; x_wconf 87' lang='lat' dir='ltr'>diripit</span> 
     </span>
     <span class='ocr_line' id='line_1_8' title="bbox 126 955 1173 1038; baseline -0.008 -18"><span class='ocrx_word' id='word_1_54' title='bbox 126 975 212 1038; x_wconf 85' lang='lat' dir='ltr'>atque</span> <span class='ocrx_word' id='word_1_55' title='bbox 237 961 377 1030; x_wconf 83' lang='lat' dir='ltr'>incendit,</span> <span class='ocrx_word' id='word_1_56' title='bbox 402 957 527 1035; x_wconf 77' lang='lat' dir='ltr'>predam</span> <span class='ocrx_word' id='word_1_57' title='bbox 552 956 694 1014; x_wconf 88' lang='lat' dir='ltr'>militibus</span> <span class='ocrx_word' id='word_1_58' title='bbox 721 956 820 1026; x_wconf 90' lang='lat' dir='ltr'>donat,</span> <span class='ocrx_word' id='word_1_59' title='bbox 849 955 1009 1012; x_wconf 85' lang='lat' dir='ltr'>exercitum</span> <span class='ocrx_word' id='word_1_60' title='bbox 1037 955 1173 1032; x_wconf 85' lang='lat' dir='ltr'>Ligerim</span> 
     </span>
     <span class='ocr_line' id='line_1_9' title="bbox 124 1047 893 1141; baseline -0.012 -28"><span class='ocrx_word' id='word_1_61' title='bbox 124 1053 296 1141; x_wconf 85' lang='lat' dir='ltr'>transducit,</span> <span class='ocrx_word' id='word_1_62' title='bbox 318 1064 404 1126; x_wconf 91' lang='lat' dir='ltr'>atque</span> <span class='ocrx_word' id='word_1_63' title='bbox 425 1051 454 1107; x_wconf 92' lang='lat' dir='ltr'>in</span> <span class='ocrx_word' id='word_1_64' title='bbox 477 1049 641 1125; x_wconf 84' lang='lat' dir='ltr'>Biturigum</span> <span class='ocrx_word' id='word_1_65' title='bbox 662 1047 734 1106; x_wconf 91' lang='lat' dir='ltr'>fines</span> <span class='ocrx_word' id='word_1_66' title='bbox 753 1047 893 1122; x_wconf 88' lang='lat' dir='ltr'>pervenit.</span> 
     </span>
    </p>

    <p class='ocr_par' dir='ltr' id='par_1_4' title="bbox 124 1139 1218 2596">
     <span class='ocr_line' id='line_1_10' title="bbox 165 1139 1173 1242; baseline -0.007 -39"><span class='ocrx_word' id='word_1_67' title='bbox 165 1140 235 1204; x_wconf 83' lang='lat' dir='ltr'>xlt.</span> <span class='ocrx_word' id='word_1_68' title='bbox 266 1143 489 1220; x_wconf 83' lang='lat' dir='ltr'>Vercingetorix</span> <span class='ocrx_word' id='word_1_69' title='bbox 503 1141 552 1197; x_wconf 91' lang='lat' dir='ltr'>ubi</span> <span class='ocrx_word' id='word_1_70' title='bbox 567 1140 604 1198; x_wconf 90' lang='lat' dir='ltr'>de</span> <span class='ocrx_word' id='word_1_71' title='bbox 618 1139 743 1198; x_wconf 88' lang='lat' dir='ltr'>Caesaris</span> <span class='ocrx_word' id='word_1_72' title='bbox 758 1139 883 1196; x_wconf 89' lang='lat' dir='ltr'>adventu</span> <span class='ocrx_word' id='word_1_73' title='bbox 899 1140 1046 1216; x_wconf 87' lang='lat' dir='ltr'>cognovit,</span> <span class='ocrx_word' id='word_1_74' title='bbox 1058 1159 1173 1242; x_wconf 86' lang='lat' dir='ltr'>oppug-</span> 
     </span>
     <span class='ocr_line' id='line_1_11' title="bbox 124 1229 1218 1338; baseline -0.005 -44"><span class='ocrx_word' id='word_1_75' title='bbox 124 1237 243 1324; x_wconf 61' lang='lat' dir='ltr'>rgtione</span> <span class='ocrx_word' id='word_1_76' title='bbox 259 1235 378 1306; x_wconf 82' lang='lat' dir='ltr'>destitit,</span> <span class='ocrx_word' id='word_1_77' title='bbox 394 1247 479 1308; x_wconf 89' lang='lat' dir='ltr'>atque</span> <span class='ocrx_word' id='word_1_78' title='bbox 498 1231 614 1290; x_wconf 72' lang='lat' dir='ltr'>obviam</span> <span class='ocrx_word' id='word_1_79' title='bbox 636 1231 746 1288; x_wconf 76' lang='lat' dir='ltr'>Caesari</span> <span class='ocrx_word' id='word_1_80' title='bbox 766 1231 970 1306; x_wconf 87' lang='lat' dir='ltr'>proficiscitur.</span> <span class='ocrx_word' id='word_1_81' title='bbox 1012 1231 1066 1289; x_wconf 88' lang='lat' dir='ltr'>Ille</span> <span class='ocrx_word' id='word_1_82' title='bbox 1088 1233 1173 1338; x_wconf 92' lang='lat' dir='ltr'>oppi-</span> <span class='ocrx_word' id='word_1_83' title='bbox 1216 1229 1218 1234; x_wconf 77' lang='grc'><strong>’</strong></span> 
     </span>
     <span class='ocr_line' id='line_1_12' title="bbox 125 1322 1173 1404; baseline 0 -20"><span class='ocrx_word' id='word_1_84' title='bbox 125 1327 193 1384; x_wconf 92' lang='lat' dir='ltr'>dum</span> <span class='ocrx_word' id='word_1_85' title='bbox 220 1327 394 1403; x_wconf 87' lang='lat' dir='ltr'>Biturigum,</span> <span class='ocrx_word' id='word_1_86' title='bbox 416 1325 540 1401; x_wconf 90' lang='lat' dir='ltr'>positum</span> <span class='ocrx_word' id='word_1_87' title='bbox 566 1323 596 1381; x_wconf 93' lang='lat' dir='ltr'>in</span> <span class='ocrx_word' id='word_1_88' title='bbox 618 1323 675 1404; x_wconf 79' lang='lat' dir='ltr'>viai,</span> <span class='ocrx_word' id='word_1_89' title='bbox 697 1322 906 1380; x_wconf 88' lang='lat' dir='ltr'>Noviodunum</span> <span class='ocrx_word' id='word_1_90' title='bbox 930 1343 1101 1400; x_wconf 80' lang='lat' dir='ltr'>oppugnare</span> <span class='ocrx_word' id='word_1_91' title='bbox 1126 1327 1173 1384; x_wconf 91' lang='lat' dir='ltr'>in·</span> 
     </span>
     <span class='ocr_line' id='line_1_13' title="bbox 125 1414 1172 1492; baseline 0.001 -17"><span class='ocrx_word' id='word_1_92' title='bbox 125 1420 265 1478; x_wconf 82' lang='lat' dir='ltr'>stituerat.</span> <span class='ocrx_word' id='word_1_93' title='bbox 305 1417 378 1479; x_wconf 84' lang='lat' dir='ltr'>Quo</span> <span class='ocrx_word' id='word_1_94' title='bbox 391 1435 427 1474; x_wconf 80' lang='lat' dir='ltr'>ex</span> <span class='ocrx_word' id='word_1_95' title='bbox 440 1415 548 1491; x_wconf 93' lang='lat' dir='ltr'>oppido</span> <span class='ocrx_word' id='word_1_96' title='bbox 568 1434 658 1490; x_wconf 91' lang='lat' dir='ltr'>quum</span> <span class='ocrx_word' id='word_1_97' title='bbox 682 1415 771 1492; x_wconf 89' lang='lat' dir='ltr'>legati</span> <span class='ocrx_word' id='word_1_98' title='bbox 793 1414 829 1471; x_wconf 90' lang='lat' dir='ltr'>ad</span> <span class='ocrx_word' id='word_1_99' title='bbox 850 1433 918 1472; x_wconf 91' lang='lat' dir='ltr'>eum</span> <span class='ocrx_word' id='word_1_100' title='bbox 933 1417 1090 1488; x_wconf 89' lang='lat' dir='ltr'>venissent,</span> <span class='ocrx_word' id='word_1_101' title='bbox 1106 1438 1172 1476; x_wconf 88' lang='lat' dir='ltr'>ora·</span> 
     </span>
     <span class='ocr_line' id='line_1_14' title="bbox 124 1507 1170 1586; baseline -0.001 -17"><span class='ocrx_word' id='word_1_102' title='bbox 124 1519 196 1580; x_wconf 88' lang='lat' dir='ltr'>turn,</span> <span class='ocrx_word' id='word_1_103' title='bbox 218 1522 249 1567; x_wconf 93' lang='lat' dir='ltr'>ut</span> <span class='ocrx_word' id='word_1_104' title='bbox 267 1510 321 1566; x_wconf 90' lang='lat' dir='ltr'>sibi</span> <span class='ocrx_word' id='word_1_105' title='bbox 345 1510 516 1586; x_wconf 84' lang='lat' dir='ltr'>ignosceret,</span> <span class='ocrx_word' id='word_1_106' title='bbox 538 1526 655 1582; x_wconf 77' lang='lat' dir='ltr'>sueque</span> <span class='ocrx_word' id='word_1_107' title='bbox 675 1508 740 1564; x_wconf 87' lang='lat' dir='ltr'>vitae</span> <span class='ocrx_word' id='word_1_108' title='bbox 762 1507 942 1578; x_wconf 87' lang='lat' dir='ltr'>consuleret;</span> <span class='ocrx_word' id='word_1_109' title='bbox 963 1519 997 1566; x_wconf 89' lang='lat' dir='ltr'>ut</span> <span class='ocrx_word' id='word_1_110' title='bbox 1017 1509 1170 1568; x_wconf 88' lang='lat' dir='ltr'>celeritate</span> 
     </span>
     <span class='ocr_line' id='line_1_15' title="bbox 125 1585 1170 1678; baseline 0.001 -19"><span class='ocrx_word' id='word_1_111' title='bbox 125 1585 251 1678; x_wconf 82' lang='lat' dir='ltr'>reliquas</span> <span class='ocrx_word' id='word_1_112' title='bbox 275 1621 320 1658; x_wconf 86' lang='lat' dir='ltr'>rea</span> <span class='ocrx_word' id='word_1_113' title='bbox 344 1601 512 1672; x_wconf 84' lang='lat' dir='ltr'>conficeret,</span> <span class='ocrx_word' id='word_1_114' title='bbox 536 1602 593 1676; x_wconf 75' lang='lat' dir='ltr'>qui</span> <span class='ocrx_word' id='word_1_115' title='bbox 617 1600 754 1675; x_wconf 89' lang='lat' dir='ltr'>pleraque</span> <span class='ocrx_word' id='word_1_116' title='bbox 781 1610 843 1656; x_wconf 89' lang='lat' dir='ltr'>erat</span> <span class='ocrx_word' id='word_1_117' title='bbox 870 1611 1056 1671; x_wconf 87' lang='lat' dir='ltr'>consecutus,</span> <span class='ocrx_word' id='word_1_118' title='bbox 1086 1621 1170 1660; x_wconf 86' lang='lat' dir='ltr'>arma</span> 
     </span>
     <span class='ocr_line' id='line_1_16' title="bbox 124 1679 1169 1774; baseline 0.001 -23"><span class='ocrx_word' id='word_1_119' title='bbox 124 1679 256 1774; x_wconf 80' lang='lat' dir='ltr'>proferri,</span> <span class='ocrx_word' id='word_1_120' title='bbox 271 1713 360 1770; x_wconf 90' lang='lat' dir='ltr'>equos</span> <span class='ocrx_word' id='word_1_121' title='bbox 375 1694 507 1769; x_wconf 87' lang='lat' dir='ltr'>produci,</span> <span class='ocrx_word' id='word_1_122' title='bbox 521 1692 637 1748; x_wconf 88' lang='lat' dir='ltr'>obsides</span> <span class='ocrx_word' id='word_1_123' title='bbox 650 1691 712 1747; x_wconf 88' lang='lat' dir='ltr'>dari</span> <span class='ocrx_word' id='word_1_124' title='bbox 724 1692 815 1768; x_wconf 87' lang='lat' dir='ltr'>jubet.</span> <span class='ocrx_word' id='word_1_125' title='bbox 856 1691 943 1749; x_wconf 88' lang='lat' dir='ltr'>Parte</span> <span class='ocrx_word' id='word_1_126' title='bbox 954 1693 1014 1772; x_wconf 83' lang='lat' dir='ltr'>jam</span> <span class='ocrx_word' id='word_1_127' title='bbox 1028 1694 1169 1752; x_wconf 90' lang='lat' dir='ltr'>obsidum</span> 
     </span>
     <span class='ocr_line' id='line_1_17' title="bbox 124 1785 1169 1866; baseline -0.003 -19"><span class='ocrx_word' id='word_1_128' title='bbox 124 1791 240 1866; x_wconf 74' lang='lat' dir='ltr'>traditi,</span> <span class='ocrx_word' id='word_1_129' title='bbox 256 1808 343 1866; x_wconf 74' lang='lat' dir='ltr'>quarm</span> <span class='ocrx_word' id='word_1_130' title='bbox 360 1787 469 1862; x_wconf 85' lang='lat' dir='ltr'>reliqua</span> <span class='ocrx_word' id='word_1_131' title='bbox 484 1785 763 1855; x_wconf 85' lang='lat' dir='ltr'>administrarentur,</span> <span class='ocrx_word' id='word_1_132' title='bbox 778 1785 999 1844; x_wconf 87' lang='lat' dir='ltr'>centurionibus</span> <span class='ocrx_word' id='word_1_133' title='bbox 1012 1798 1041 1844; x_wconf 91' lang='lat' dir='ltr'>et</span> <span class='ocrx_word' id='word_1_134' title='bbox 1061 1789 1169 1864; x_wconf 87' lang='lat' dir='ltr'>paucis</span> 
     </span>
     <span class='ocr_line' id='line_1_18' title="bbox 124 1879 1169 1954; baseline -0.004 -14"><span class='ocrx_word' id='word_1_135' title='bbox 124 1883 266 1940; x_wconf 81' lang='lat' dir='ltr'>militibus</span> <span class='ocrx_word' id='word_1_136' title='bbox 281 1882 461 1947; x_wconf 85' lang='lat' dir='ltr'>intromissis,</span> <span class='ocrx_word' id='word_1_137' title='bbox 477 1880 525 1952; x_wconf 90' lang='lat' dir='ltr'>qui</span> <span class='ocrx_word' id='word_1_138' title='bbox 548 1897 627 1935; x_wconf 89' lang='lat' dir='ltr'>arma</span> <span class='ocrx_word' id='word_1_139' title='bbox 645 1879 833 1954; x_wconf 88' lang='lat' dir='ltr'>jumentaque</span> <span class='ocrx_word' id='word_1_140' title='bbox 854 1879 1070 1952; x_wconf 87' lang='lat' dir='ltr'>conquirerent,</span> <span class='ocrx_word' id='word_1_141' title='bbox 1085 1881 1169 1954; x_wconf 89' lang='lat' dir='ltr'>equi-</span> 
     </span>
     <span class='ocr_line' id='line_1_19' title="bbox 125 1970 1168 2050; baseline 0 -21"><span class='ocrx_word' id='word_1_142' title='bbox 125 1981 202 2029; x_wconf 82' lang='lat' dir='ltr'>tatus</span> <span class='ocrx_word' id='word_1_143' title='bbox 231 1973 353 2028; x_wconf 89' lang='lat' dir='ltr'>bostrum</span> <span class='ocrx_word' id='word_1_144' title='bbox 382 1971 481 2047; x_wconf 89' lang='lat' dir='ltr'>procul</span> <span class='ocrx_word' id='word_1_145' title='bbox 514 1972 591 2026; x_wconf 87' lang='lat' dir='ltr'>visus</span> <span class='ocrx_word' id='word_1_146' title='bbox 617 1981 671 2040; x_wconf 87' lang='lat' dir='ltr'>est,</span> <span class='ocrx_word' id='word_1_147' title='bbox 705 1970 753 2044; x_wconf 91' lang='lat' dir='ltr'>qui</span> <span class='ocrx_word' id='word_1_148' title='bbox 783 1989 886 2046; x_wconf 86' lang='lat' dir='ltr'>agmen</span> <span class='ocrx_word' id='word_1_149' title='bbox 915 1970 1168 2050; x_wconf 87' lang='lat' dir='ltr'>Vercingetorigis</span> 
     </span>
     <span class='ocr_line' id='line_1_20' title="bbox 127 2060 1168 2138; baseline -0.001 -16"><span class='ocrx_word' id='word_1_150' title='bbox 127 2076 328 2122; x_wconf 82' lang='lat' dir='ltr'>antecesserat</span> <span class='ocrx_word' id='word_1_151' title='bbox 369 2063 469 2123; x_wconf 84' lang='lat' dir='ltr'>Quem</span> <span class='ocrx_word' id='word_1_152' title='bbox 485 2063 568 2120; x_wconf 84' lang='lat' dir='ltr'>simul</span> <span class='ocrx_word' id='word_1_153' title='bbox 585 2073 671 2136; x_wconf 88' lang='lat' dir='ltr'>utque</span> <span class='ocrx_word' id='word_1_154' title='bbox 685 2060 821 2137; x_wconf 89' lang='lat' dir='ltr'>oppidani</span> <span class='ocrx_word' id='word_1_155' title='bbox 839 2075 1062 2138; x_wconf 85' lang='lat' dir='ltr'>conspexerunt,</span> <span class='ocrx_word' id='word_1_156' title='bbox 1078 2075 1168 2138; x_wconf 88' lang='lat' dir='ltr'>atque</span> 
     </span>
     <span class='ocr_line' id='line_1_21' title="bbox 127 2153 1167 2231; baseline 0.001 -19"><span class='ocrx_word' id='word_1_157' title='bbox 127 2154 155 2212; x_wconf 91' lang='lat' dir='ltr'>in</span> <span class='ocrx_word' id='word_1_158' title='bbox 172 2173 250 2228; x_wconf 88' lang='lat' dir='ltr'>spem</span> <span class='ocrx_word' id='word_1_159' title='bbox 267 2153 364 2210; x_wconf 80' lang='lat' dir='ltr'>arrrilii</span> <span class='ocrx_word' id='word_1_160' title='bbox 387 2167 536 2223; x_wconf 81' lang='lat' dir='ltr'>venerunt,</span> <span class='ocrx_word' id='word_1_161' title='bbox 552 2155 678 2210; x_wconf 90' lang='lat' dir='ltr'>clamore</span> <span class='ocrx_word' id='word_1_162' title='bbox 699 2154 823 2223; x_wconf 91' lang='lat' dir='ltr'>sublato,</span> <span class='ocrx_word' id='word_1_163' title='bbox 838 2173 918 2210; x_wconf 90' lang='lat' dir='ltr'>arma</span> <span class='ocrx_word' id='word_1_164' title='bbox 938 2173 1052 2230; x_wconf 88' lang='lat' dir='ltr'>capere,</span> <span class='ocrx_word' id='word_1_165' title='bbox 1067 2168 1167 2231; x_wconf 88' lang='lat' dir='ltr'>portas</span> 
     </span>
     <span class='ocr_line' id='line_1_22' title="bbox 127 2243 1168 2330; baseline 0.005 -29"><span class='ocrx_word' id='word_1_166' title='bbox 127 2243 273 2330; x_wconf 81' lang='lat' dir='ltr'>qlsrrdere,</span> <span class='ocrx_word' id='word_1_167' title='bbox 291 2263 402 2300; x_wconf 90' lang='lat' dir='ltr'>murum</span> <span class='ocrx_word' id='word_1_168' title='bbox 425 2247 570 2320; x_wconf 87' lang='lat' dir='ltr'>complere</span> <span class='ocrx_word' id='word_1_169' title='bbox 591 2257 749 2322; x_wconf 74' lang='lat' dir='ltr'>coeperunt„</span> <span class='ocrx_word' id='word_1_170' title='bbox 791 2247 986 2306; x_wconf 88' lang='lat' dir='ltr'>Centuriones</span> <span class='ocrx_word' id='word_1_171' title='bbox 1007 2247 1035 2304; x_wconf 94' lang='lat' dir='ltr'>in</span> <span class='ocrx_word' id='word_1_172' title='bbox 1057 2249 1168 2324; x_wconf 91' lang='lat' dir='ltr'>oppido</span> 
     </span>
     <span class='ocr_line' id='line_1_23' title="bbox 127 2335 1168 2413; baseline 0.006 -21"><span class='ocrx_word' id='word_1_173' title='bbox 127 2355 215 2411; x_wconf 90' lang='lat' dir='ltr'>quum</span> <span class='ocrx_word' id='word_1_174' title='bbox 230 2355 265 2393; x_wconf 89' lang='lat' dir='ltr'>ex</span> <span class='ocrx_word' id='word_1_175' title='bbox 279 2335 491 2411; x_wconf 84' lang='lat' dir='ltr'>significatione</span> <span class='ocrx_word' id='word_1_176' title='bbox 504 2337 654 2394; x_wconf 87' lang='lat' dir='ltr'>Gallorum</span> <span class='ocrx_word' id='word_1_177' title='bbox 669 2338 736 2396; x_wconf 87' lang='lat' dir='ltr'>novi</span> <span class='ocrx_word' id='word_1_178' title='bbox 758 2337 865 2413; x_wconf 87' lang='lat' dir='ltr'>aliquid</span> <span class='ocrx_word' id='word_1_179' title='bbox 888 2341 923 2396; x_wconf 90' lang='lat' dir='ltr'>ab</span> <span class='ocrx_word' id='word_1_180' title='bbox 945 2340 989 2397; x_wconf 91' lang='lat' dir='ltr'>his</span> <span class='ocrx_word' id='word_1_181' title='bbox 1009 2340 1076 2398; x_wconf 91' lang='lat' dir='ltr'>iniri</span> <span class='ocrx_word' id='word_1_182' title='bbox 1096 2361 1168 2398; x_wconf 89' lang='lat' dir='ltr'>con·</span> 
     </span>
     <span class='ocr_line' id='line_1_24' title="bbox 127 2427 1167 2506; baseline 0.005 -20"><span class='ocrx_word' id='word_1_183' title='bbox 127 2427 183 2486; x_wconf 83' lang='lat' dir='ltr'>silli</span> <span class='ocrx_word' id='word_1_184' title='bbox 206 2427 421 2498; x_wconf 80' lang='lat' dir='ltr'>intellexissent,</span> <span class='ocrx_word' id='word_1_185' title='bbox 442 2428 547 2506; x_wconf 87' lang='lat' dir='ltr'>gladiis</span> <span class='ocrx_word' id='word_1_186' title='bbox 567 2429 706 2486; x_wconf 89' lang='lat' dir='ltr'>districtis</span> <span class='ocrx_word' id='word_1_187' title='bbox 726 2441 823 2504; x_wconf 89' lang='lat' dir='ltr'>portas</span> <span class='ocrx_word' id='word_1_188' title='bbox 843 2445 1070 2506; x_wconf 88' lang='lat' dir='ltr'>occupaverunt,</span> <span class='ocrx_word' id='word_1_189' title='bbox 1084 2453 1167 2492; x_wconf 86' lang='lat' dir='ltr'>suos·</span> 
     </span>
     <span class='ocr_line' id='line_1_25' title="bbox 126 2519 665 2596; baseline 0.002 -20"><span class='ocrx_word' id='word_1_190' title='bbox 126 2538 183 2596; x_wconf 89' lang='lat' dir='ltr'>qne</span> <span class='ocrx_word' id='word_1_191' title='bbox 196 2539 297 2578; x_wconf 88' lang='lat' dir='ltr'>omnes</span> <span class='ocrx_word' id='word_1_192' title='bbox 311 2519 471 2577; x_wconf 89' lang='lat' dir='ltr'>incolumes</span> <span class='ocrx_word' id='word_1_193' title='bbox 485 2530 665 2594; x_wconf 89' lang='lat' dir='ltr'>receperunt.</span> 
     </span>
    </p>

    <p class='ocr_par' dir='ltr' id='par_1_5' title="bbox 126 2610 1165 3682">
     <span class='ocr_line' id='line_1_26' title="bbox 166 2610 1165 2690; baseline 0.003 -20"><span class='ocrx_word' id='word_1_194' title='bbox 166 2611 252 2671; x_wconf 89' lang='lat' dir='ltr'>Xlll.</span> <span class='ocrx_word' id='word_1_195' title='bbox 281 2612 379 2670; x_wconf 81' lang='lat' dir='ltr'>Caesar</span> <span class='ocrx_word' id='word_1_196' title='bbox 400 2631 435 2670; x_wconf 86' lang='lat' dir='ltr'>ex</span> <span class='ocrx_word' id='word_1_197' title='bbox 456 2611 559 2668; x_wconf 88' lang='lat' dir='ltr'>castris</span> <span class='ocrx_word' id='word_1_198' title='bbox 579 2611 740 2685; x_wconf 88' lang='lat' dir='ltr'>equitatum</span> <span class='ocrx_word' id='word_1_199' title='bbox 760 2610 847 2670; x_wconf 89' lang='lat' dir='ltr'>educi</span> <span class='ocrx_word' id='word_1_200' title='bbox 864 2611 957 2688; x_wconf 78' lang='lat' dir='ltr'>jubet,</span> <span class='ocrx_word' id='word_1_201' title='bbox 971 2615 1165 2690; x_wconf 72' lang='lat' dir='ltr'>praeliumque</span> 
     </span>
     <span class='ocr_line' id='line_1_27' title="bbox 126 2702 1165 2782; baseline 0.003 -20"><span class='ocrx_word' id='word_1_202' title='bbox 126 2717 259 2780; x_wconf 71' lang='lat' dir='ltr'>equeure</span> <span class='ocrx_word' id='word_1_203' title='bbox 283 2704 454 2762; x_wconf 89' lang='lat' dir='ltr'>committit:</span> <span class='ocrx_word' id='word_1_204' title='bbox 483 2702 681 2760; x_wconf 87' lang='lat' dir='ltr'>laborantibus</span> <span class='ocrx_word' id='word_1_205' title='bbox 702 2702 762 2778; x_wconf 88' lang='lat' dir='ltr'>jam</span> <span class='ocrx_word' id='word_1_206' title='bbox 784 2702 844 2760; x_wconf 88' lang='lat' dir='ltr'>suis</span> <span class='ocrx_word' id='word_1_207' title='bbox 867 2704 1030 2764; x_wconf 88' lang='lat' dir='ltr'>Germanos</span> <span class='ocrx_word' id='word_1_208' title='bbox 1051 2707 1165 2782; x_wconf 86' lang='lat' dir='ltr'>equites</span> 
     </span>
     <span class='ocr_line' id='line_1_28' title="bbox 127 2794 1162 2870; baseline 0.003 -16"><span class='ocrx_word' id='word_1_209' title='bbox 127 2796 243 2854; x_wconf 88' lang='lat' dir='ltr'>circiter</span> <span class='ocrx_word' id='word_1_210' title='bbox 257 2796 313 2854; x_wconf 91' lang='lat' dir='ltr'>CD</span> <span class='ocrx_word' id='word_1_211' title='bbox 326 2796 479 2866; x_wconf 82' lang='lat' dir='ltr'>submittit,</span> <span class='ocrx_word' id='word_1_212' title='bbox 494 2814 566 2870; x_wconf 90' lang='lat' dir='ltr'>quos</span> <span class='ocrx_word' id='word_1_213' title='bbox 581 2794 616 2851; x_wconf 88' lang='lat' dir='ltr'>ab</span> <span class='ocrx_word' id='word_1_214' title='bbox 637 2794 721 2852; x_wconf 92' lang='lat' dir='ltr'>initio</span> <span class='ocrx_word' id='word_1_215' title='bbox 741 2813 842 2852; x_wconf 90' lang='lat' dir='ltr'>secum</span> <span class='ocrx_word' id='word_1_216' title='bbox 863 2795 970 2856; x_wconf 86' lang='lat' dir='ltr'>habere</span> <span class='ocrx_word' id='word_1_217' title='bbox 990 2799 1162 2859; x_wconf 68' lang='lat' dir='ltr'>instituerat,</span> 
     </span>
     <span class='ocr_line' id='line_1_29' title="bbox 127 2885 1162 2968; baseline 0.006 -24"><span class='ocrx_word' id='word_1_218' title='bbox 127 2885 236 2958; x_wconf 81' lang='lat' dir='ltr'>Eorum</span> <span class='ocrx_word' id='word_1_219' title='bbox 252 2888 390 2962; x_wconf 89' lang='lat' dir='ltr'>impetum</span> <span class='ocrx_word' id='word_1_220' title='bbox 404 2889 480 2944; x_wconf 88' lang='lat' dir='ltr'>Galli</span> <span class='ocrx_word' id='word_1_221' title='bbox 495 2887 637 2944; x_wconf 88' lang='lat' dir='ltr'>sustinere</span> <span class='ocrx_word' id='word_1_222' title='bbox 651 2905 709 2943; x_wconf 92' lang='lat' dir='ltr'>non</span> <span class='ocrx_word' id='word_1_223' title='bbox 724 2897 890 2962; x_wconf 91' lang='lat' dir='ltr'>potuerunt,</span> <span class='ocrx_word' id='word_1_224' title='bbox 906 2900 991 2964; x_wconf 89' lang='lat' dir='ltr'>atque</span> <span class='ocrx_word' id='word_1_225' title='bbox 1012 2890 1043 2948; x_wconf 91' lang='lat' dir='ltr'>in</span> <span class='ocrx_word' id='word_1_226' title='bbox 1064 2891 1162 2968; x_wconf 86' lang='lat' dir='ltr'>sugam</span> 
     </span>
     <span class='ocr_line' id='line_1_30' title="bbox 128 2977 1163 3058; baseline 0.006 -22"><span class='ocrx_word' id='word_1_227' title='bbox 128 2977 263 3052; x_wconf 85' lang='lat' dir='ltr'>conjecti,</span> <span class='ocrx_word' id='word_1_228' title='bbox 288 2977 386 3034; x_wconf 87' lang='lat' dir='ltr'>multis</span> <span class='ocrx_word' id='word_1_229' title='bbox 408 2978 528 3049; x_wconf 79' lang='lat' dir='ltr'>arnissis,</span> <span class='ocrx_word' id='word_1_230' title='bbox 552 2997 614 3036; x_wconf 88' lang='lat' dir='ltr'>sese</span> <span class='ocrx_word' id='word_1_231' title='bbox 642 2977 677 3036; x_wconf 89' lang='lat' dir='ltr'>ad</span> <span class='ocrx_word' id='word_1_232' title='bbox 702 2998 805 3056; x_wconf 84' lang='lat' dir='ltr'>agmen</span> <span class='ocrx_word' id='word_1_233' title='bbox 832 2993 1024 3056; x_wconf 88' lang='lat' dir='ltr'>receperunt:</span> <span class='ocrx_word' id='word_1_234' title='bbox 1056 2985 1163 3058; x_wconf 91' lang='lat' dir='ltr'>quibus</span> 
     </span>
     <span class='ocr_line' id='line_1_31' title="bbox 126 3069 1162 3152; baseline 0.008 -26"><span class='ocrx_word' id='word_1_235' title='bbox 126 3069 295 3146; x_wconf 83' lang='lat' dir='ltr'>profligatis,</span> <span class='ocrx_word' id='word_1_236' title='bbox 310 3089 408 3127; x_wconf 88' lang='lat' dir='ltr'>rursus</span> <span class='ocrx_word' id='word_1_237' title='bbox 422 3073 557 3147; x_wconf 88' lang='lat' dir='ltr'>oppidani</span> <span class='ocrx_word' id='word_1_238' title='bbox 572 3073 714 3148; x_wconf 79' lang='lat' dir='ltr'>perterriti</span> <span class='ocrx_word' id='word_1_239' title='bbox 730 3075 953 3149; x_wconf 87' lang='lat' dir='ltr'>comprehensos</span> <span class='ocrx_word' id='word_1_240' title='bbox 967 3095 1027 3147; x_wconf 89' lang='lat' dir='ltr'>eos,</span> <span class='ocrx_word' id='word_1_241' title='bbox 1039 3095 1162 3152; x_wconf 89' lang='lat' dir='ltr'>qnorum</span> 
     </span>
     <span class='ocr_line' id='line_1_32' title="bbox 127 3162 1163 3244; baseline 0.008 -26"><span class='ocrx_word' id='word_1_242' title='bbox 127 3163 213 3237; x_wconf 79' lang='lat' dir='ltr'>operti</span> <span class='ocrx_word' id='word_1_243' title='bbox 235 3162 347 3236; x_wconf 82' lang='lat' dir='ltr'>plebem</span> <span class='ocrx_word' id='word_1_244' title='bbox 368 3164 542 3220; x_wconf 87' lang='lat' dir='ltr'>concitatam</span> <span class='ocrx_word' id='word_1_245' title='bbox 565 3165 777 3235; x_wconf 85' lang='lat' dir='ltr'>existimabant,</span> <span class='ocrx_word' id='word_1_246' title='bbox 800 3166 834 3222; x_wconf 89' lang='lat' dir='ltr'>ad</span> <span class='ocrx_word' id='word_1_247' title='bbox 855 3167 999 3225; x_wconf 88' lang='lat' dir='ltr'>Caesarem</span> <span class='ocrx_word' id='word_1_248' title='bbox 1021 3170 1163 3244; x_wconf 86' lang='lat' dir='ltr'>perduxe-</span> 
     </span>
     <span class='ocr_line' id='line_1_33' title="bbox 126 3255 1162 3330; baseline 0.006 -18"><span class='ocrx_word' id='word_1_249' title='bbox 126 3265 204 3320; x_wconf 87' lang='lat' dir='ltr'>runt,</span> <span class='ocrx_word' id='word_1_250' title='bbox 226 3271 345 3326; x_wconf 85' lang='lat' dir='ltr'>seseque</span> <span class='ocrx_word' id='word_1_251' title='bbox 370 3255 395 3311; x_wconf 90' lang='lat' dir='ltr'>ei</span> <span class='ocrx_word' id='word_1_252' title='bbox 421 3256 601 3313; x_wconf 89' lang='lat' dir='ltr'>dediderunt.</span> <span class='ocrx_word' id='word_1_253' title='bbox 642 3257 761 3317; x_wconf 80' lang='lat' dir='ltr'>Quibus</span> <span class='ocrx_word' id='word_1_254' title='bbox 782 3259 867 3316; x_wconf 89' lang='lat' dir='ltr'>rebus</span> <span class='ocrx_word' id='word_1_255' title='bbox 890 3261 1041 3330; x_wconf 83' lang='lat' dir='ltr'>confectis,</span> <span class='ocrx_word' id='word_1_256' title='bbox 1062 3260 1162 3318; x_wconf 84' lang='lat' dir='ltr'>Caesar</span> 
     </span>
     <span class='ocr_line' id='line_1_34' title="bbox 129 3345 1162 3427; baseline 0.006 -23"><span class='ocrx_word' id='word_1_257' title='bbox 129 3345 164 3404; x_wconf 80' lang='lat' dir='ltr'>ad</span> <span class='ocrx_word' id='word_1_258' title='bbox 179 3345 315 3418; x_wconf 89' lang='lat' dir='ltr'>oppidum</span> <span class='ocrx_word' id='word_1_259' title='bbox 340 3346 506 3417; x_wconf 81' lang='lat' dir='ltr'>Avaricum,</span> <span class='ocrx_word' id='word_1_260' title='bbox 522 3349 599 3422; x_wconf 91' lang='lat' dir='ltr'>qnod</span> <span class='ocrx_word' id='word_1_261' title='bbox 619 3360 679 3407; x_wconf 87' lang='lat' dir='ltr'>erat</span> <span class='ocrx_word' id='word_1_262' title='bbox 702 3350 857 3408; x_wconf 85' lang='lat' dir='ltr'>maximum</span> <span class='ocrx_word' id='word_1_263' title='bbox 880 3353 1162 3427; x_wconf 86' lang='lat' dir='ltr'>munitissimumque</span> 
     </span>
     <span class='ocr_line' id='line_1_35' title="bbox 127 3432 1162 3520; baseline 0.008 -25"><span class='ocrx_word' id='word_1_264' title='bbox 127 3437 156 3495; x_wconf 94' lang='lat' dir='ltr'>in</span> <span class='ocrx_word' id='word_1_265' title='bbox 172 3435 277 3492; x_wconf 87' lang='lat' dir='ltr'>finibus</span> <span class='ocrx_word' id='word_1_266' title='bbox 293 3437 466 3511; x_wconf 76' lang='lat' dir='ltr'>Biturigum,</span> <span class='ocrx_word' id='word_1_267' title='bbox 483 3451 567 3512; x_wconf 91' lang='lat' dir='ltr'>atque</span> <span class='ocrx_word' id='word_1_268' title='bbox 589 3432 659 3516; x_wconf 85' lang='lat' dir='ltr'>agri</span> <span class='ocrx_word' id='word_1_269' title='bbox 673 3442 847 3500; x_wconf 70' lang='lat' dir='ltr'>fertilissimi</span> <span class='ocrx_word' id='word_1_270' title='bbox 871 3444 1000 3520; x_wconf 83' lang='lat' dir='ltr'>regione,</span> <span class='ocrx_word' id='word_1_271' title='bbox 1015 3445 1162 3520; x_wconf 84' lang='lat' dir='ltr'>profectus</span> 
     </span>
     <span class='ocr_line' id='line_1_36' title="bbox 126 3527 1163 3612; baseline 0.007 -24"><span class='ocrx_word' id='word_1_272' title='bbox 126 3539 185 3597; x_wconf 74' lang='lat' dir='ltr'>est,</span> <span class='ocrx_word' id='word_1_273' title='bbox 208 3527 295 3603; x_wconf 77' lang='lat' dir='ltr'>qnod,</span> <span class='ocrx_word' id='word_1_274' title='bbox 311 3547 346 3584; x_wconf 84' lang='lat' dir='ltr'>eo</span> <span class='ocrx_word' id='word_1_275' title='bbox 360 3530 464 3604; x_wconf 90' lang='lat' dir='ltr'>oppido</span> <span class='ocrx_word' id='word_1_276' title='bbox 479 3543 604 3605; x_wconf 84' lang='lat' dir='ltr'>recepto,</span> <span class='ocrx_word' id='word_1_277' title='bbox 620 3532 766 3590; x_wconf 85' lang='lat' dir='ltr'>civitatem</span> <span class='ocrx_word' id='word_1_278' title='bbox 788 3533 952 3612; x_wconf 86' lang='lat' dir='ltr'>Biturigum</span> <span class='ocrx_word' id='word_1_279' title='bbox 973 3555 1004 3594; x_wconf 90' lang='lat' dir='ltr'>se</span> <span class='ocrx_word' id='word_1_280' title='bbox 1025 3538 1055 3594; x_wconf 91' lang='lat' dir='ltr'>in</span> <span class='ocrx_word' id='word_1_281' title='bbox 1069 3547 1163 3612; x_wconf 90' lang='lat' dir='ltr'>potes-</span> 
     </span>
     <span class='ocr_line' id='line_1_37' title="bbox 126 3621 602 3682; baseline -0.006 0"><span class='ocrx_word' id='word_1_282' title='bbox 126 3631 213 3682; x_wconf 71' lang='lat' dir='ltr'>tatem</span> <span class='ocrx_word' id='word_1_283' title='bbox 229 3621 413 3678; x_wconf 86' lang='lat' dir='ltr'>redacturum</span> <span class='ocrx_word' id='word_1_284' title='bbox 430 3622 602 3680; x_wconf 86' lang='lat' dir='ltr'>confidebat.</span> 
     </span>
    </p>

    <p class='ocr_par' dir='ltr' id='par_1_6' title="bbox 125 3711 1163 3979">
     <span class='ocr_line' id='line_1_38' title="bbox 165 3711 1161 3791; baseline 0.007 -21"><span class='ocrx_word' id='word_1_285' title='bbox 165 3711 249 3771; x_wconf 88' lang='lat' dir='ltr'>XIV.</span> <span class='ocrx_word' id='word_1_286' title='bbox 277 3713 509 3790; x_wconf 85' lang='lat' dir='ltr'>Vercingetorix,</span> <span class='ocrx_word' id='word_1_287' title='bbox 520 3724 562 3771; x_wconf 90' lang='lat' dir='ltr'>tot</span> <span class='ocrx_word' id='word_1_288' title='bbox 574 3715 719 3772; x_wconf 87' lang='lat' dir='ltr'>continuis</span> <span class='ocrx_word' id='word_1_289' title='bbox 731 3716 922 3776; x_wconf 90' lang='lat' dir='ltr'>incommodis</span> <span class='ocrx_word' id='word_1_290' title='bbox 932 3719 1161 3791; x_wconf 89' lang='lat' dir='ltr'>Vellaunoduni,</span> 
     </span>
     <span class='ocr_line' id='line_1_39' title="bbox 125 3802 1163 3880; baseline 0.012 -21"><span class='ocrx_word' id='word_1_291' title='bbox 125 3802 250 3876; x_wconf 88' lang='lat' dir='ltr'>Genab&#39;i,</span> <span class='ocrx_word' id='word_1_292' title='bbox 278 3804 445 3864; x_wconf 90' lang='lat' dir='ltr'>Novioduni</span> <span class='ocrx_word' id='word_1_293' title='bbox 480 3805 617 3880; x_wconf 87' lang='lat' dir='ltr'>acceptis,</span> <span class='ocrx_word' id='word_1_294' title='bbox 645 3822 712 3864; x_wconf 84' lang='lat' dir='ltr'>suos</span> <span class='ocrx_word' id='word_1_295' title='bbox 747 3809 782 3865; x_wconf 84' lang='lat' dir='ltr'>ad</span> <span class='ocrx_word' id='word_1_296' title='bbox 816 3811 974 3870; x_wconf 91' lang='lat' dir='ltr'>concilium</span> <span class='ocrx_word' id='word_1_297' title='bbox 1009 3821 1163 3878; x_wconf 65' lang='lat' dir='ltr'>convocat</span> 
     </span>
     <span class='ocr_line' id='line_1_40' title="bbox 126 3889 1162 3979; baseline 0.017 -33"><span class='ocrx_word' id='word_1_298' title='bbox 126 3889 222 3956; x_wconf 85' lang='lat' dir='ltr'>Docet</span> <span class='ocrx_word' id='word_1_299' title='bbox 236 3901 243 3926; x_wconf 82' lang='lat'><em>¹</em></span> <span class='ocrx_word' id='word_1_300' title='bbox 255 3895 342 3974; x_wconf 71' lang='lat' dir='ltr'>longe</span> <span class='ocrx_word' id='word_1_301' title='bbox 364 3897 420 3954; x_wconf 77' lang='lat' dir='ltr'>aliti</span> <span class='ocrx_word' id='word_1_302' title='bbox 440 3897 552 3955; x_wconf 87' lang='lat' dir='ltr'>ratione</span> <span class='ocrx_word' id='word_1_303' title='bbox 572 3914 635 3974; x_wconf 78' lang='lat' dir='ltr'>esse</span> <span class='ocrx_word' id='word_1_304' title='bbox 655 3897 763 3954; x_wconf 88' lang='lat' dir='ltr'>bellurn</span> <span class='ocrx_word' id='word_1_305' title='bbox 783 3902 954 3976; x_wconf 85' lang='lat' dir='ltr'>gerendum,</span> <span class='ocrx_word' id='word_1_306' title='bbox 969 3915 1056 3979; x_wconf 87' lang='lat' dir='ltr'>atque</span> <span class='ocrx_word' id='word_1_307' title='bbox 1076 3914 1162 3964; x_wconf 79' lang='lat' dir='ltr'>antea</span> 
     </span>
    </p>
   </div>
   <div class='ocr_carea' id='block_1_4' title="bbox 0 0 1288 4270">
    <p class='ocr_par' dir='ltr' id='par_1_7' title="bbox 0 0 1288 4270">
     <span class='ocr_line' id='line_1_41' title="bbox 0 0 1288 4270; baseline 0 0"><span class='ocrx_word' id='word_1_308' title='bbox 0 0 1288 4270; x_wconf 95' lang='lat' dir='ltr'> </span> 
     </span>
    </p>
   </div>
  </div>
 </body>
</html>
