2566 4270
128 305 171 366 ω
457 296 505 347 DE
527 295 645 347 BELLO
668 293 829 346 GALLICO
967 296 1047 362 [Car.
1063 297 1171 348 45-48.

131 455 220 517 satus,
244 443 280 502 ad
301 442 447 502 Cesaram
470 440 608 517 pervenit.
651 440 700 496 Ab
727 458 763 496 co
784 439 820 496 de
846 433 986 515 periculis
1013 439 1171 499 Ciceronis

131 537 310 613 legionisque
334 532 528 610 cognoscitur.

171 626 280 684 XLVI.
309 625 417 694 Caesar,
433 623 560 697 acceptis
580 621 672 680 literis
692 621 763 678 horai
784 621 901 680 circiter
923 621 1080 680 undecima
1097 623 1169 694 diei,

132 717 227 776 rtatim
242 716 381 772 nuncium
396 715 425 770 in
442 714 609 770 Bellovacos
624 713 659 768 ad
671 711 712 768 M.
728 713 866 768 Crassum
881 725 1053 786 quaestorem
1068 715 1169 788 mittit,

133 809 216 882 cujus
244 808 364 864 hiberna
389 806 507 862 aberant
532 804 567 858 ab
591 820 627 858 eo
655 803 745 858 millia
770 821 907 876 passuum
936 804 1035 861 XXV.
1078 805 1168 864 lubet

133 899 229 956 media
255 909 341 956 nocte
368 897 511 971 legionem
536 893 690 968 proficisci,
720 894 909 968 celeriterque
937 895 973 949 ad
1000 914 1031 952 se
1058 899 1168 956 venire.

133 987 210 1046 Exiit
235 1007 302 1046 curn
325 987 433 1044 nuncio
452 986 582 1042 Crassus.
625 984 758 1040 Alterum
782 984 874 1056 adlC.
897 983 1021 1045 Fabium
1039 987 1169 1062 legatum

133 1079 230 1149 mittit,
246 1091 277 1136 ut
291 1079 320 1135 in
336 1078 519 1134 Atrebatium
540 1076 611 1132 fines
636 1074 780 1150 legionem
803 1074 1011 1149 adducetque
1032 1077 1087 1132 sibi
1113 1078 1169 1134 iter

133 1169 298 1228 faciendum
321 1170 439 1226 sciebat.
481 1167 590 1224 Scribit
614 1166 755 1237 Labieno,
777 1166 802 1222 si
821 1165 989 1242 reipublicae
1014 1169 1170 1226 commodo

134 1261 228 1318 Iacere
242 1272 346 1336 posset,
362 1279 427 1316 cum
443 1259 556 1335 legione
571 1259 606 1314 ad
621 1258 692 1314 fines
702 1257 878 1316 Nerviorum
890 1257 1003 1314 veniat:
1025 1258 1169 1334 reliquam

132 1364 243 1426 partem
257 1351 411 1421 exercitiis,
427 1349 503 1424 qudd
518 1349 604 1426 pauld
620 1350 718 1406 aberat
731 1347 857 1425 longius,
872 1368 930 1405 non
947 1359 1029 1424 putat
1050 1367 1171 1426 exspec-

133 1442 269 1511 tandam3
298 1441 410 1515 equites
434 1440 550 1498 circiter
575 1440 800 1518 quadringentos
821 1459 857 1497 ex
877 1440 1017 1516 proximis
1038 1440 1171 1499 hibernis

134 1533 220 1608 cogit.

172 1622 297 1680 XLVII.
326 1622 408 1680 Hora
432 1621 548 1680 circiter
569 1621 655 1678 tertii
678 1622 714 1678 ab
743 1622 976 1680 antecursoribus
1003 1622 1168 1681 deCrassi

134 1714 256 1772 adventu
270 1715 374 1772 certior
389 1713 491 1782 lactus,
506 1730 542 1769 eo
563 1713 610 1770 dle
635 1713 724 1769 millia
745 1732 883 1788 passuum
904 1713 1008 1789 viginti
1030 1715 1170 1790 progred-

133 1805 198 1862 itur.
241 1806 377 1862 Crassum
393 1804 600 1860 Samarobrivae
614 1803 745 1880 praeficit,
760 1805 961 1880 legionemque
976 1805 1003 1862 ei
1025 1807 1169 1878 attribuit,

134 1897 210 1969 qudd
226 1897 265 1952 ibi
281 1895 486 1976 impedimentq
498 1895 651 1964 exercitiis,
666 1895 781 1951 obsides
803 1895 962 1966 civitatum,
977 1896 1075 1952 literas
1094 1899 1170 1972 pub-

133 1985 205 2041 licas
228 1987 460 2059 frumentumque
484 2004 579 2055 omne,
604 1985 681 2059 quod
702 1984 737 2042 ed
765 1986 921 2044 toleranda
946 1987 1049 2044 hiemis
1076 1989 1169 2046 eausa

134 2075 295 2145 devexerat,
318 2076 504 2149 relinquebat.
547 2075 666 2147 Fabius,
696 2087 727 2132 ut
751 2076 921 2151 imperatum
944 2089 1015 2149 erat,
1041 2098 1100 2136 non
1126 2080 1169 2138 ita

133 2157 256 2222 multirin
274 2177 411 2236 moratus,
427 2167 456 2222 in
479 2167 581 2224 itinere
603 2185 670 2224 curn
693 2167 808 2243 legione
829 2168 964 2225 occurrit.
1007 2169 1166 2242 Labienus,

134 2256 248 2312 interitu
275 2256 376 2314 Sabini
397 2266 426 2314 et
447 2257 526 2314 caede
551 2258 713 2314 cohortium
737 2259 865 2334 cogniti,
894 2278 983 2334 quum
1007 2279 1106 2317 omnes
1128 2263 1166 2318 ad

133 2365 199 2404 eum
223 2347 409 2404 Trevirorum
433 2348 522 2421 copiae
546 2349 701 2419 venissent,
724 2350 840 2421 veritus,
861 2369 908 2420 ne,
930 2351 954 2406 si
977 2370 1012 2407 ex
1034 2351 1164 2410 hibernis

133 2437 208 2515 sugas
222 2439 344 2496 similem
358 2439 565 2513 profectionem
581 2439 705 2510 fecisset,
721 2440 845 2496 hostiurn
861 2441 1000 2516 impetum
1020 2444 1165 2502 sustinere

132 2549 189 2588 non
203 2542 308 2608 posset,
322 2530 479 2606 praesertim
495 2549 566 2604 quos
580 2532 690 2588 recenti
705 2532 826 2588 victoria
841 2533 935 2590 efferri
948 2533 1051 2604 sciret,
1066 2535 1164 2593 literas

27 2685 31 2690 ,
132 2621 240 2680 Caesari
265 2621 393 2693 remittit,
419 2635 527 2696 quanto
550 2641 616 2679 cum
644 2623 774 2698 periculo
801 2624 944 2699 legionem
972 2643 1007 2681 ex
1034 2625 1164 2684 hibernis

131 2714 287 2772 educturus
301 2726 394 2773 esset:
416 2733 476 2772 rem
491 2725 601 2791 gestam
616 2715 645 2770 in
668 2715 852 2772 Eburonibus
872 2717 1043 2790 perscribit:
1066 2717 1161 2788 docet,

131 2825 231 2862 omnes
257 2807 401 2878 equitatis
420 2805 622 2880 peditatusque
649 2806 747 2880 copias
774 2805 963 2882 Treuirorum
989 2809 1045 2864 tria
1071 2810 1163 2866 millia

130 2912 265 2968 passuum
281 2894 366 2970 longe
382 2897 417 2950 ab
431 2897 490 2952 suis
505 2897 605 2953 castris
620 2897 792 2954 consedisse.

170 2981 310 3040 XLVIII.
339 2984 445 3055 Caesar,
460 2987 582 3044 consilio
602 2987 663 3062 ejus
683 2989 812 3062 probato,
832 2988 896 3060 etsi,
917 2989 1053 3066 opinione
1073 2990 1160 3047 trium

129 3074 277 3151 legionum
301 3075 439 3150 dejectus,
461 3077 496 3134 ad
520 3079 591 3136 duas
614 3079 748 3150 redierat,
763 3091 860 3136 tamen
885 3099 974 3136 unum
997 3082 1159 3140 communis

129 3166 230 3222 salutis
243 3166 381 3224 auxilium
395 3167 424 3224 in
439 3170 585 3226 celeritate
604 3171 737 3246 ponebat.
779 3171 868 3228 Venit
882 3172 994 3248 magnis
1010 3172 1160 3230 itineribus

130 3255 160 3312 in
175 3254 347 3314 Nerviorum
361 3258 440 3316 fines.
482 3259 527 3317 Ibi
541 3279 576 3318 ex
594 3263 714 3338 captivis
729 3263 888 3339 cognoscit,
904 3282 967 3338 quae
984 3263 1057 3338 apud
1074 3263 1160 3320 Cice·

129 3363 229 3402 ronem
250 3359 394 3422 gerantur,
410 3362 573 3425 quantoque
596 3353 626 3409 in
640 3354 770 3428 periculo
789 3373 835 3411 res
855 3354 899 3411 sit.
942 3353 1020 3410 Tum
1043 3355 1159 3411 cuidam

87 3431 91 3438 '
129 3454 165 3494 ex
179 3437 322 3510 equitibus
336 3439 427 3498 Gallis
441 3443 553 3516 magnis
566 3445 691 3517 praemiis
704 3446 867 3520 persuadet,
879 3444 920 3502 uti
935 3445 970 3501 ad
985 3445 1158 3502 Ciceronem

130 3527 278 3602 epistolam
293 3529 410 3588 deferat.
453 3531 539 3588 Hanc
552 3534 662 3592 Grecis
683 3537 874 3612 conscriptam
890 3537 979 3593 literis
994 3537 1091 3606 mittit,
1108 3555 1155 3608 ne,

130 3619 287 3695 intercepti
313 3623 441 3696 epistolii,
456 3636 553 3680 nostra
579 3626 613 3680 ab
638 3626 767 3684 hostibus
792 3629 912 3684 consilia
936 3641 1156 3704 cognoscantur.

130 3711 161 3767 Si
178 3713 255 3769 adire
269 3732 326 3770 nou
340 3716 439 3790 possit,
454 3727 560 3785 monet,
576 3727 607 3774 ut
620 3719 759 3793 tragulam
776 3739 842 3776 cum
864 3721 984 3796 epistolai
1007 3721 1041 3776 ad
1064 3739 1160 3778 arnen-

128 3809 190 3860 tum
213 3804 339 3879 deligata
363 3806 439 3864 intra
460 3807 634 3864 munitiones
656 3819 814 3866 castrorum
843 3811 968 3887 abjiciat.
1011 3811 1046 3868 In
1067 3811 1160 3872 literis
