2566 4270
99 310 102 314 ’
146 333 211 383 cn,
228 333 341 398 ιγ’-ω]
522 331 629 380 LIBER
651 331 795 380 SEXTUS.
977 384 979 386 .
1117 335 1171 393 103

144 473 307 547 simulacra,
319 475 397 534 hunc
410 475 539 534 onmium
550 473 726 534 inventorem
739 475 841 532 artium
856 475 959 546 ferunt,
969 475 1046 532 hunc
1062 469 1170 534 viarum

145 579 230 642 atque
252 567 386 624 itinerur'n
408 567 521 636 ducem,
537 567 615 623 hunc
634 567 668 622 ad
690 578 814 640 quaestus
833 567 963 642 pecuniae
985 579 1171 624 mercaturas·

144 677 200 732 que
215 658 321 732 habere
343 657 400 715 vim
420 659 573 715 maximam
594 658 773 716 arbitrantur.
815 657 883 716 Post
903 659 990 729 bunc,
1005 659 1169 734 Apollinem

144 759 174 804 et
189 747 312 824 Martem
326 759 355 806 et
368 748 469 806 Jovern
484 759 513 806 et
534 747 712 822 MInervam5
734 749 770 806 de
792 749 836 806 his
857 751 978 808 eandem
1000 749 1058 806 fere
1084 769 1168 824 quam

145 839 261 913 reliquae
285 849 385 915 gentes
413 839 519 896 babent
546 840 725 914 opinionem3
755 840 919 915 Apollinem
939 842 1052 898 morbos
1077 841 1170 916 depel-

75 915 214 1009 fllere,
236 929 396 986 Minervam
418 949 536 1006 operum
558 941 642 1004 atque
663 923 847 988 artificiorum
869 931 952 988 initia
973 931 1100 1001 tradere;
1122 931 1171 988 Jo-

146 1038 209 1076 vem
223 1021 374 1096 imperium
389 1021 548 1078 coelestium
562 1031 678 1091 tenere3
700 1019 824 1078 Martem
836 1011 913 1078 bella
930 1041 1037 1098 regere.
1080 1023 1169 1094 Huic,

146 1127 234 1184 quum
255 1112 356 1186 proelio
377 1111 515 1169 dimicare
540 1113 759 1183 constituerunt,
781 1131 825 1184 ea,
848 1105 910 1188 quae
935 1113 1010 1170 bello
1031 1115 1168 1188 ceperint,

145 1201 312 1276 plerumque
326 1185 492 1260 devorent'
514 1201 617 1264 Quum
631 1214 844 1278 superaverunt,
861 1204 998 1282 animalia
1016 1215 1099 1280 capta
1120 1205 1171 1262 irn-

146 1291 263 1362 molant,
277 1293 401 1366 reliquas
415 1313 460 1350 res
475 1295 504 1350 in
526 1313 615 1350 unum
635 1295 731 1351 locum
752 1295 912 1354 conserunt.
954 1294 1055 1353 Multis
1070 1297 1099 1352 in
1113 1297 1170 1353 civ·

146 1381 261 1439 itatibus
276 1383 376 1440 harum
390 1403 484 1441 rerum
499 1395 657 1442 exstructos
677 1385 801 1442 tumulos
821 1387 893 1443 locis
914 1389 1088 1444 consecratis
1103 1408 1170 1445 con·

145 1473 248 1546 spicari
262 1475 346 1531 licet:
361 1494 454 1550 neque
465 1495 539 1551 saepe
551 1477 665 1548 accidit,
675 1488 706 1534 ut
719 1478 850 1554 neglecta
862 1478 1002 1553 quispiam
1013 1479 1166 1556 religione,

146 1575 292 1639 autcapta
307 1566 381 1641 apud
396 1567 595 1638 seoccultare,
611 1580 659 1626 aut
678 1569 771 1644 posita
790 1566 889 1626 tollere
911 1569 1026 1626 auderet
1035 1590 1042 1638 ;
1064 1571 1173 1646 gravis--

145 1654 305 1730 simumqne
319 1657 344 1713 ei
360 1657 401 1714 rei
415 1658 587 1732 supplicium
602 1679 668 1714 cum
683 1660 812 1716 cruciatu
828 1660 1014 1740 constitutum
1028 1671 1078 1717 est.

185 1743 297 1804 XVIII.
326 1748 402 1805 Galli
417 1767 447 1806 se
466 1767 565 1805 omnes
587 1749 621 1806 ab
642 1749 710 1806 Dite
730 1761 810 1824 patre
829 1760 982 1825 prognatos
1001 1750 1168 1824 praedicant,

144 1827 231 1910 idque
246 1838 280 1894 ab
294 1838 454 1896 Druidibus
474 1840 617 1915 proditum
639 1840 747 1896 dicunt.
788 1840 836 1896 Ob
857 1859 920 1896 eam
942 1859 1057 1896 causam
1079 1842 1170 1915 spatiis

84 1953 95 1971 ·
143 1929 236 1988 omnis
250 1931 384 2005 temporis
398 1950 456 1986 non
470 1949 590 1988 numero
610 1931 731 2002 dierum,
747 1931 795 1988 sed
816 1931 944 2007 noctium
966 1931 1068 1988 liniunt
1078 1951 1085 2012 ;
1107 1932 1168 1990 dies

143 2023 253 2078 natales
267 2031 295 2078 et
310 2023 449 2079 mensium
465 2033 493 2079 et
508 2041 647 2080 annorum
669 2023 753 2080 initia
772 2021 814 2079 sic
835 2023 994 2092 observant,
1009 2032 1040 2078 ut
1053 2034 1167 2080 noctem

144 2113 205 2168 dies
218 2114 413 2187 subsequatur.
455 2113 489 2170 In
504 2114 620 2188 reliquis
634 2115 697 2170 vitae
713 2113 849 2170 institutis
863 2113 918 2170 hoc
933 2111 991 2170 serti
1005 2115 1039 2169 ab
1051 2113 1167 2190 reliquis

144 2203 288 2274 differunt,
304 2204 381 2277 quiid
401 2224 467 2260 suos
486 2205 600 2276 liberoS,
621 2205 677 2262 nisi
701 2223 788 2279 quum
814 2205 996 2276 adoleverint,
1012 2215 1043 2261 ut
1063 2223 1167 2262 munus

144 2295 251 2351 militiae
273 2290 412 2352 sustinere
436 2297 553 2370 possint,
577 2297 670 2371 palam
700 2297 734 2352 ad
758 2315 788 2354 se
816 2297 894 2353 adire
917 2316 975 2353 non
1001 2297 1165 2371 patiuntur;

142 2385 290 2459 filiumque
303 2387 406 2460 puerili
421 2397 502 2443 aetate
516 2388 546 2442 in
560 2387 687 2460 publico,
702 2387 732 2442 in
751 2398 906 2462 conspectu
926 2389 1015 2464 patris
1037 2389 1167 2446 assistere

142 2486 226 2550 turpe
236 2464 358 2532 'ducunt

183 2565 268 2621 XIX.
298 2566 370 2636 Viri,
381 2575 501 2638 quantas
514 2565 652 2639 pecunias
668 2565 702 2622 ab
716 2569 852 2625 uxoribus
867 2569 941 2625 dotis
954 2568 1071 2626 nomine
1087 2588 1167 2626 acce-

142 2665 258 2730 petunt,
279 2664 372 2710 tantas
394 2673 429 2711 ex
452 2656 511 2711 suis
532 2655 624 2725 bonis,
646 2657 832 2716 aestimatione
854 2661 939 2730 factal,
963 2679 1028 2716 curn
1052 2661 1166 2718 dotibus

144 2745 367 2802 communicant.
410 2745 504 2822 Hujus
518 2746 610 2803 omnis
624 2749 754 2824 pecuniae
766 2750 942 2825 conjunctim
954 2751 1026 2808 ratio
1036 2751 1165 2824 babetur,

145 2835 311 2908 fructusque
325 2847 490 2895 servantur:
511 2849 574 2894 uter
597 2857 696 2895 eorum
717 2840 773 2896 vitai
795 2828 944 2917 supererit,
961 2843 995 2898 ad
1016 2861 1081 2902 eum
1101 2863 1166 2918 pars

145 2925 292 2999 utriusque
307 2946 372 2984 oum
388 2928 527 2986 fructibus
548 2929 725 3005 superiorum
746 2941 904 3007 temporum
924 2935 1060 3008 pervenit.
1101 2936 1165 2994 Viri

144 3016 175 3074 in
202 3035 310 3089 uxores,
332 3019 407 3077 sicut
431 3021 460 3077 in
482 3021 596 3094 liberoS,
619 3023 684 3079 vitae
705 3023 842 3097 necisque
863 3024 969 3082 habent
989 3037 1164 3102 potestatem.

143 3107 181 3163 Et
195 3125 281 3182 quum
295 3121 375 3184 pater
390 3112 503 3170 familiae
518 3113 672 3170 illustriore
686 3113 752 3170 loco
765 3115 1007 3188 natus‚'decessit,
1023 3116 1084 3194 ejus
1104 3138 1166 3194 pro·

140 3197 241 3272 plnqui
256 3203 439 3273 conveniunt,
454 3213 491 3274 et,
507 3204 543 3260 de
557 3215 648 3260 morte
662 3204 686 3261 si
707 3223 751 3260 res
772 3205 802 3262 in
823 3207 1014 3280 suspicionem
1028 3209 1114 3280 venit,
1129 3209 1165 3268 de

141 3290 278 3346 uxoribus
302 3292 331 3348 in
354 3293 485 3350 servilem
509 3295 626 3350 modum
650 3295 836 3368 quaestionem
860 3297 973 3370 habent,
995 3310 1024 3356 et
1044 3300 1067 3356 si
1090 3319 1165 3358 com-

140 3390 253 3452 pertum
279 3393 331 3451 est,
357 3383 417 3457 igni
442 3394 525 3458 atque
547 3385 680 3442 omnibus
706 3388 853 3446 tormentis
880 3391 1057 3449 excruciatas
1082 3393 1166 3449 inter·

141 3468 251 3525 ficiunt.
293 3470 408 3528 Funera
421 3484 487 3530 sunt
506 3493 558 3549 pro
582 3476 661 3532 cultu
681 3477 829 3536 Gallorum
851 3481 1003 3558 magnifica
1023 3494 1052 3540 et
1072 3499 1166 3558 sump-

141 3569 240 3628 tuosa;
262 3561 423 3636 omniaque,
439 3583 501 3637 quae
522 3559 593 3624 rivis
614 3567 693 3625 cordi
714 3569 801 3628 suissc
822 3572 1002 3644 arbitrantur,
1018 3575 1047 3630 in
1068 3573 1163 3648 ignem

142 3649 277 3718 inserunt,
292 3651 377 3707 etiam
394 3655 544 3713 animalia:
567 3677 600 3714 ac
614 3659 699 3734 paulo
713 3681 797 3736 supra
817 3662 891 3720 hanc
910 3665 1076 3721 memoriam
1091 3663 1164 3720 servi

142 3749 170 3796 et
184 3740 313 3810 clientes,
329 3761 400 3814 quos
415 3745 450 3799 ab
466 3746 500 3802 iis
521 3747 640 3806 dilectos
660 3769 722 3808 esse
743 3755 900 3824 constabat,
912 3753 996 3830 justis
1017 3754 1164 3813 funeribus

141 3830 291 3901 consectis,
307 3831 364 3888 una
379 3836 587 3914 cremabantur.

181 3919 249 3977 XX.
277 3921 354 3982 Qua
369 3925 498 3983 civitates
511 3929 691 3990 commodius
704 3950 785 3988 suam
795 3949 856 3990 rern
867 3923 1013 4008 publicum
1028 3935 1163 3997 adminis·
