2578 4270
135 183 175 242 48
461 176 509 223 ns
532 175 649 224 annuo
673 173 832 222 caturco
989 173 1205 237 [ens-11.

136 331 238 378 nautas
258 319 521 396 gubernatoresque
541 317 701 391 comparari
720 316 809 390 jubet.
852 315 908 371 llis
930 315 1020 371 rebus
1045 314 1203 370 celeriter

134 412 349 478 administratis,
368 412 436 482 ipsc,
458 429 545 482 qaum
566 407 690 484 primirm
714 426 764 482 per
788 406 855 462 anni
877 418 993 481 tempus
1019 405 1141 479 potuit,
1160 406 1198 460 ad

136 502 295 558 exercitum
320 501 475 556 contendit.
519 500 635 569 Veneti,
655 499 830 572 reliquaeque
853 498 920 554 item
946 497 1103 564 civitatee,
1122 515 1198 570 cog·

137 592 198 647 nito
212 591 335 648 Coesaris
357 592 489 658 adventu,
505 590 588 645 simul
610 587 697 663 quiid,
713 601 852 661 quantum
877 589 906 644 in
931 607 962 644 se
986 587 1115 644 facinus
1143 587 1195 641 ad-

137 682 290 751 misissent,
316 682 522 754 intelligebant,
550 679 682 756 (legatos,
708 679 785 752 quod
806 697 911 734 nomen
937 678 974 734 ad
999 696 1114 734 omnes
1140 696 1193 733 ua-

137 771 230 828 tiones
244 785 373 828 sanctum
390 773 613 844 imiclntumque
627 789 738 843 semper
761 769 869 839 suisset,
885 781 1012 825 retentos
1036 769 1075 824 ab
1101 787 1138 824 se
1161 781 1190 824 et

138 861 168 916 in
182 862 296 918 vincula
317 863 476 938 corrivatus)
493 881 544 935 pro
565 861 765 936 magnitudine
784 860 905 934 periculi
927 860 1037 916 bellum
1060 877 1188 934 parare,

138 961 166 1008 et
187 951 310 1010 maxime
334 971 377 1022 ea,
394 973 455 1024 qna
481 952 514 1006 ad
540 970 622 1007 usum
647 951 762 1006 narium
787 951 941 1025 pertinent,
956 951 1118 1025 providere
1142 951 1188 1006 in·

137 1043 276 1112 stituunt;
299 1043 353 1098 hoc
369 1043 431 1114 inq
445 1061 473 1097 rc
489 1061 548 1115 spe,
563 1040 640 1114 quad
655 1039 776 1098 multirm
792 1041 894 1097 naturai
905 1041 962 1097 loci
974 1041 1185 1098 confidebant

137 1131 285 1188 Pedestria
305 1151 367 1187 esse
390 1133 491 1187 itinera
513 1133 630 1188 concisa
651 1133 800 1201 estuariis,
816 1131 1027 1208 navigationem
1052 1133 1185 1207 impedi-

137 1232 196 1278 tam
210 1233 323 1296 propter
339 1223 518 1277 inscientiam
534 1223 665 1278 locorum
688 1223 920 1296 paucitatemque
940 1234 1078 1296 portuum
1104 1224 1184 1280 scie·

138 1312 225 1368 bant:
247 1329 340 1384 neque
355 1325 464 1370 nostros
479 1314 621 1368 exercitus
634 1325 748 1386 propter
764 1312 898 1368 frumenti
913 1313 1041 1388 inopiam
1060 1313 1181 1371 diutius

139 1403 213 1477 apud
234 1421 265 1460 se
287 1405 388 1458 morari
412 1423 494 1476 posse
519 1403 719 1460 confidebant:
743 1422 776 1458 ac
797 1403 867 1478 jam,
894 1415 924 1459 ut
948 1405 1047 1460 omnia
1068 1416 1180 1461 contra

138 1495 302 1568 opinionem
319 1495 491 1562 acciderent,
507 1507 647 1550 tamense
668 1495 821 1567 plurimum
844 1495 964 1550 navibus
982 1513 1088 1569 posse:
1112 1495 1178 1552 Ro-

138 1603 237 1642 manos
258 1603 350 1658 neque
375 1587 460 1640 naon
486 1585 649 1640 facultatem
675 1585 780 1640 habere
802 1585 927 1654 navium,
949 1604 1043 1658 neque
1068 1605 1176 1643 eorum

138 1677 277 1746 locorum,
305 1678 353 1730 nbi
377 1678 482 1732 bellurn
507 1677 614 1748 gesturi
637 1687 741 1744 essent,
766 1676 847 1746 vada,
875 1687 973 1750 portus
1001 1677 1175 1752 insulasque

138 1768 269 1822 novisse:
292 1786 325 1822 ac
347 1767 430 1822 lena*
455 1768 537 1821 atron
559 1785 621 1821 csse
646 1767 858 1840 navigationem
881 1767 909 1822 in
933 1767 1072 1824 concluso
1096 1769 1174 1825 mari

139 1867 223 1926 atque
247 1855 276 1910 in
298 1858 457 1910 tristissimo
486 1869 568 1928 atque
597 1858 775 1930 apertissimo
796 1857 917 1914 Oceano
943 1859 1170 1932 perspiciebant.

139 1943 194 2000 llis
210 1944 286 1999 initis
301 1963 353 1998 con
374 1947 437 2013 lljis,
454 1965 501 2018 app
513 1948 557 2002 ida
572 1947 712 2016 muniunt,
726 1947 867 2003 frumenta
881 1966 915 2003 ex
931 1949 1005 2023 agris
1017 1951 1046 2005 in
1061 1950 1172 2023 oppida

138 2045 326 2106 comportant,
342 2053 427 2088 narra
449 2037 476 2089 ia
501 2037 661 2106 Venetiam,
678 2038 726 2093 ubi
748 2038 890 2094 Caesarem
913 2037 1036 2113 primirm
1058 2041 1168 2096 bellum

139 2135 284 2200 gesturum
307 2143 358 2178 con
379 2137 384 2176 t
408 2126 463 2190 lut,
486 2125 571 2195 quina
594 2128 731 2200 plurimas
754 2141 881 2203 possunt,
904 2141 1019 2206 cogunt.
1062 2131 1168 2188 Socios

79 2253 83 2260 ·
138 2215 192 2270 sibi
216 2214 250 2268 ad
273 2214 300 2270 id
324 2216 428 2270 bellam
452 2215 602 2285 Oslsnrios,
624 2218 774 2289 Lexouios,
797 2219 955 2290 Nannetes‚
981 2221 1165 2294 Ambiliatos

135 2304 278 2376 Marinae,
300 2304 469 2374 Diablintes,
485 2305 635 2380 Menapios
657 2309 840 2366 adsciscunt:
864 2312 969 2367 auxilia
993 2331 1027 2368 ex
1051 2313 1165 2370 Britan-

137 2396 196 2464 niti,
212 2415 274 2468 quae
289 2409 387 2452 centra
402 2416 449 2450 cas
464 2417 485 2451 rr
496 2461 497 2466 ¹
507 2397 594 2461 ,iones
608 2396 700 2472 posita
715 2411 766 2468 est,
783 2413 937 2458 arcessunt.

176 2487 215 2544 X.
244 2487 333 2544 Erant
356 2489 397 2542 lna
420 2489 601 2544 dillienltates
625 2490 691 2545 belli
714 2492 841 2565 gerendi,
857 2511 927 2564 quas
942 2492 1026 2566 snpra
1041 2495 1162 2550 ostendi-

137 2599 217 2645 nrns3
240 2580 288 2634 scd
312 2581 399 2632 mula
423 2581 566 2636 (lanariam
588 2591 683 2635 tamen
706 2581 740 2634 ad
763 2582 789 2636 id
805 2567 910 2638 belluni
927 2584 1098 2641 incitabant:
1120 2586 1160 2642 iu·

136 2669 216 2741 jorim
244 2679 331 2724 retent
346 2689 415 2724 uva.
444 2673 573 2742 equitnm
601 2671 815 2738 Rornanornm;
847 2674 966 2730 rebellio
994 2675 1070 2731 facta
1097 2687 1158 2750 post

138 2757 325 2812 deditionem:
348 2759 401 2810 tn}
415 2783 418 2793 ι
434 2761 480 2827 ¹ia,
497 2762 511 2812 r!
524 2763 569 2816 rtis
583 2761 729 2815 obsidibus
739 2780 745 2827 ;
768 2771 809 2817 tot
824 2763 970 2820 civitatum
987 2766 1155 2841 corrjurati0;

138 2846 167 2900 in
191 2845 298 2916 prirrris,
315 2866 359 2912 n==‚
383 2847 395 2900 q,
420 2867 432 2898 a
459 2861 538 2918 pute
559 2851 701 2924 neglecta,
723 2851 838 2924 reliqum
860 2855 990 2912 nationes
1012 2857 1086 2912 idem
1105 2859 1155 2914 sibi

135 2936 225 2990 licere
241 2926 364 2990 arbitror
391 2949 450 2991 *aa
496 2939 592 3012 ltaque
608 2960 694 3014 quarn
715 2941 887 3018 intelligeret
908 2965 1007 3002 omnes
1022 2946 1080 3003 scre
1094 2949 1155 3004 Gal·

138 3026 179 3080 las
201 3026 281 3080 noris
304 3028 388 3080 roba:
414 3030 475 3082 *aad
499 3050 536 3098 tc,
560 3043 587 3087 et
611 3033 644 3087 ad
673 3032 779 3088 bellum
807 3036 949 3092 mobiliter
975 3038 1153 3112 celeriterque

137 3115 265 3184 excitari,
297 3135 330 3167 nr
376 3139 394 3152 0
428 3134 519 3174 aaron
555 3122 684 3178 homines
711 3124 813 3180 naturai
840 3125 964 3183 libertati
993 3130 1104 3186 studere
1127 3141 1152 3188 et

137 3206 329 3260 conditionem
346 3210 357 3245 ί·
401 3210 478 3264 'iuuit
509 3213 611 3281 edisse,
627 3213 805 3287 pruisquam
827 3216 923 3289 plures
944 3219 1075 3276 civitates
1094 3239 1151 3278 cou-

136 3296 285 3368 spirareut,
307 3300 434 3370 pra-(and
451 3320 485 3354 rm
509 3303 563 3356 sibi
589 3322 622 3358 ac
647 3305 731 3360 latius
753 3306 980 3363 distribuendum
1005 3311 1150 3368 exercitum

135 3387 252 3460 putavit.

93 3495 100 3510 ·
175 3477 228 3532 XI.
257 3471 358 3548 Itaque
378 3478 414 3534 T.
431 3479 590 3535 Labienum
612 3482 736 3556 legatam
759 3486 787 3540 in
808 3486 1019 3560 Treviros,qui
1040 3491 1147 3562 proximi

135 3567 241 3624 Rheno
256 3567 366 3624 flumini
382 3581 456 3631 sunt,
474 3589 539 3624 cura
555 3572 681 3642 equitatu
704 3575 796 3631 mittit.
841 3576 919 3632 llaic
941 3579 1066 3646 mandat,
1082 3580 1147 3634 ‘lle-

79 3667 85 3685 '
134 3674 196 3721 mos
211 3660 390 3734 reliquosque
408 3661 510 3733 Belgas
527 3660 618 3720 adeat.
634 3671 717 3732 atque
738 3665 766 3719 in
789 3667 884 3721 officio
905 3667 1069 3734 contineat3
1088 3667 1145 3722 Ger·

136 3764 301 3822 manesque,
316 3753 362 3820 qui
380 3752 484 3808 anxilio
500 3769 515 3802 a
531 3749 627 3821 Belgis
648 3755 774 3808 arcessiti
796 3757 973 3822 dicebantur,
989 3755 1011 3809 si
1032 3773 1079 3828 per
1100 3757 1143 3813 vim
