2566 4270
122 279 197 334 cir.
214 283 326 347 ier-im
509 277 616 332 urana
637 276 783 330 ssxnus.
1107 285 1157 344 ιο]

122 439 201 485 rant.
243 426 279 484 ln
302 443 404 484 eorum
424 424 520 484 locum
544 423 634 483 Remi
657 434 874 494 successerant3
896 443 968 500 quos
990 423 1068 500 quiid
1090 427 1163 484 adra-

123 538 218 593 quare
246 517 322 593 apud
350 517 493 574 Caesarem
526 517 620 593 gratia
653 517 877 592 intelligebatur,
906 517 937 588 ii,
965 517 1014 592 qui
1047 529 1162 594 propter

123 622 240 668 veteres
255 609 421 666 inimicitias
442 608 522 665 nullo
541 608 628 686 modo
649 627 716 664 cum
737 608 844 664 AEduis
862 608 999 685 conjungi
1020 619 1161 685 poterant,

123 720 160 758 se
175 701 279 758 Remis
292 701 322 758 iu
337 700 499 757 clientelam
515 699 658 756 dicabant.
701 699 765 756 Hos
778 699 820 756 illi
835 699 987 778 diligenter
998 701 1160 758 tuebantur.

124 791 175 850 Ita
189 803 218 849 et
230 811 333 848 nonam
348 801 377 850 et
396 789 515 866 repente
537 791 687 848 collectam
710 791 909 848 auctoritatem
930 792 1075 850 tenebant.
1117 791 1162 848 Eo

123 895 192 940 tum
205 894 280 940 statu
294 901 340 940 res
354 892 425 953 erat,
439 892 472 940 ut
484 882 570 958 longe
585 883 731 958 principes
751 883 924 940 haberentur
945 883 1045 956 AEdui,
1060 902 1162 940 secun-

125 975 200 1030 dum
214 975 310 1040 locum
324 973 473 1050 dignitatis
486 973 576 1030 Remi
589 974 761 1031 obtinerent.
874 1045 878 1050 Ι

171 1065 256 1124 XIII.
284 1065 319 1122 In
347 1065 426 1122 omni
453 1065 549 1122 Gallia
581 1083 681 1122 eorum
699 1049 868 1136 hominum,
896 1065 946 1140 qui
974 1065 1069 1139 aliquo
1095 1077 1162 1123 sunt

125 1175 250 1214 numero
274 1167 360 1232 atque
386 1157 504 1228 honore,
528 1175 637 1233 genera
660 1166 727 1214 sunt
754 1156 830 1214 duo:
861 1175 928 1214 nam
952 1157 1052 1232 plebes
1078 1146 1161 1232 paerie

125 1267 276 1306 servorum
300 1248 420 1305 habetur
443 1248 518 1319 loco,
543 1265 606 1323 quae
629 1267 680 1324 per
702 1247 733 1306 se
757 1248 828 1306 nihil
852 1248 947 1320 audet,
968 1259 997 1306 et
1019 1248 1091 1305 nulli
1114 1248 1161 1304 ad-

126 1341 244 1398 hibetur
258 1339 387 1398 consilio.
430 1338 573 1414 Plerique,
590 1359 678 1416 quum
694 1350 743 1397 aut
757 1358 813 1397 aere
834 1341 928 1397 alieno
950 1350 998 1396 aut
1019 1340 1160 1416 magnitu-

126 1432 198 1489 dine
219 1433 391 1489 tributorum
416 1441 464 1488 aut
490 1431 596 1507 injurii
623 1432 815 1507 potentiorum
839 1442 1018 1506 premuntur,
1046 1449 1108 1488 sese
1129 1430 1159 1488 in
1196 1498 1202 1507 ,

125 1524 295 1580 servitutem
317 1522 415 1580 dicant
436 1523 598 1580 nobilibus:
630 1523 660 1579 in
683 1523 735 1580 hos
756 1522 857 1580 eadem
879 1522 977 1579 omnia
998 1533 1064 1578 sunt
1084 1522 1159 1600 jura,

126 1635 194 1688 quae
209 1614 332 1672 dominis
346 1614 376 1672 in
386 1633 490 1672 servos.
525 1614 585 1672 Sed
594 1615 630 1672 de
642 1614 686 1672 his
698 1614 810 1670 duobus
819 1615 974 1690 generibus
986 1614 1106 1672 alterum
1116 1625 1160 1672 est

129 1705 284 1776 Druidum,
294 1706 412 1763 alterum
425 1704 562 1779 equitum.
590 1704 637 1762 Illi
648 1705 732 1762 rebus
744 1704 848 1760 divinis
857 1705 1008 1774 intersunt,
1018 1705 1161 1762 sacrificia

127 1798 246 1872 publica
260 1816 294 1854 ac
308 1797 418 1872 privata
427 1806 593 1871 procurant,
608 1796 761 1872 religiones
778 1796 1007 1870 interpretantur.
1049 1795 1095 1851 Ad
1109 1796 1161 1852 hos

130 1909 250 1967 magnus
263 1891 486 1948 adolescentium
496 1907 632 1946 numerus
643 1889 803 1965 disciplina
815 1890 903 1948 caussa
915 1888 1071 1959 concurrit,
1083 1908 1160 1966 mag-

129 2001 224 2056 noque
235 1982 255 2038 ii
270 1992 336 2040 sunt
346 1981 420 2056 aprid
434 2000 483 2038 eos
494 1981 611 2038 honore.
652 1979 730 2038 Nam
743 1981 802 2038 lere
812 1980 848 2037 de
857 1979 1160 2037 omnibnscontrover-

128 2074 179 2131 siis
199 2073 322 2149 publicis
342 2073 515 2149 privatisque
537 2072 733 2142 constituunt;
755 2083 783 2130 et
804 2071 828 2130 si
849 2073 925 2146 quod
946 2083 989 2130 est
1004 2072 1158 2130 admissum

129 2166 252 2237 lacinus,
267 2165 291 2222 si
305 2165 399 2222 caedes
413 2165 498 2236 sacta,
513 2165 537 2222 si
552 2165 588 2221 de
603 2165 770 2236 hereditate,
785 2165 810 2222 si
824 2164 860 2222 de
874 2163 979 2222 finibus
997 2176 1160 2222 controver-

128 2257 172 2314 sia
195 2267 248 2328 est,
271 2257 359 2315 iidem
383 2257 559 2327 decernunt;
590 2257 708 2333 praemia
730 2275 885 2332 poenasque
910 2257 1105 2314 constituunt:
1134 2256 1158 2314 si

128 2349 178 2423 qui
193 2360 240 2406 aut
249 2350 377 2425 privatus
388 2359 437 2406 aut
446 2348 581 2423 publicus
595 2367 695 2406 eorum
706 2347 823 2405 decreto
836 2367 894 2404 non
906 2349 994 2419 stetit,
1009 2347 1159 2406 sacrificiis

128 2441 313 2498 Interdicunt.
355 2439 430 2496 Haec
443 2457 529 2513 poena
544 2438 618 2512 apud
633 2457 682 2494 eos
701 2448 744 2494 est
764 2439 939 2514 gravissima
980 2439 1098 2500 Quibus
1120 2441 1160 2496 ita

127 2543 172 2588 est
186 2531 382 2599 interdictum,
397 2529 418 2584 ii
432 2546 553 2583 numero
567 2528 719 2601 impiorum
734 2547 768 2584 ac
782 2529 986 2586 sceleratorum
1000 2529 1158 2586 habentur:

128 2623 165 2679 iis
179 2639 280 2678 omnes
293 2619 448 2688 decedunt,
464 2617 572 2674 aditum
590 2635 688 2672 eorum
709 2636 927 2692 sermonemque
947 2619 1108 2694 defugiunt,
1122 2639 1160 2678 ne

129 2712 249 2786 quidex
264 2708 436 2785 contagione
456 2707 631 2765 incommodi
653 2708 816 2783 accipiant:
838 2728 932 2782 neque
947 2710 982 2766 iis
996 2711 1159 2784 petentibus

126 2803 175 2878 jus
200 2801 338 2871 redditur,
363 2817 456 2874 neque
480 2799 571 2856 honos
595 2799 671 2858 ullus
699 2801 938 2860 communicatur.
979 2801 1036 2859 His
1064 2815 1158 2862 autem

99 2940 104 2950 ,
129 2893 265 2951 omnibus
279 2891 437 2950 Druidibus
455 2901 558 2967 praeest
578 2911 662 2963 unus,
678 2892 727 2966 qui
748 2911 888 2950 summam
909 2893 982 2952 inter
1003 2913 1052 2952 eos
1073 2895 1159 2956 habet

61 3025 65 3034 ·
129 2984 337 3044 auctoritatem.
380 2983 447 3040 Hoc
461 2994 583 3056 mortue,
597 2983 621 3042 si
636 2984 685 3060 qui
700 3003 736 3043 ex
749 2983 866 3060 reliquis
880 2986 995 3044 excellit
1009 2987 1157 3063 dignitate,

126 3076 278 3135 succedit:
300 3085 338 3148 at,
353 3075 377 3133 si
391 3085 458 3134 sunt
471 3075 568 3152 plures
580 3095 674 3151 pares,
689 3076 827 3153 suffragio
850 3076 994 3136 Druidum
1016 3078 1157 3156 allegitur,

126 3186 334 3242 nonnunquam
347 3167 434 3226 etiam
455 3167 541 3226 armis
555 3167 591 3225 de
607 3167 771 3244 principatu
787 3169 972 3228 contendunt.
1015 3170 1056 3227 Hi
1079 3182 1158 3230 certo

127 3259 195 3317 anni
223 3270 351 3334 tempore
374 3257 404 3315 in
428 3258 534 3318 finibus
559 3258 730 3330 Carnutum,
755 3277 818 3335 quae
843 3261 923 3338 regio
946 3261 1033 3320 totius
1056 3263 1158 3320 Galliae

126 3350 224 3408 media
250 3350 381 3422 habetur,
405 3349 560 3408 considunt
587 3351 616 3408 in
644 3351 710 3408 loco
737 3364 912 3412 consecrato.
965 3353 1034 3411 Huc
1058 3373 1159 3414 omnes

126 3441 265 3515 undique,
290 3442 338 3516 qui
361 3442 570 3500 controversias
593 3442 709 3514 habent,
731 3445 915 3516 conveniunt,
931 3463 1086 3520 eorumque
1111 3445 1159 3502 de·

127 3535 271 3606 oretisque
298 3533 416 3608 judiciis
443 3543 552 3609 parent.
608 3533 771 3610 Disciplina
799 3537 829 3594 in
857 3536 1008 3594 Britannia
1035 3548 1156 3611 reperta,

128 3635 212 3698 atque
227 3625 293 3681 inde
308 3625 337 3681 in
351 3625 475 3682 Galliam
489 3625 626 3683 translata
640 3645 702 3684 esse
717 3628 903 3685 existimatur.
945 3628 983 3684 Et
1003 3645 1092 3696 nunc,
1108 3626 1156 3699 qui

126 3713 295 3792 diligentibs
319 3734 383 3773 eam
409 3735 471 3774 rem
498 3735 676 3792 cognoscere
699 3719 808 3789 volunt,
830 3719 998 3794 plerumque
1025 3714 1074 3772 illd
1102 3717 1158 3774 dis-

126 3806 213 3875 cendi
227 3805 316 3863 causi
328 3805 558 3882 proficiscuntur.

167 3895 251 3966 XIV.
279 3895 405 3954 Druides
420 3914 436 3954 a
449 3895 526 3958 bello
540 3895 639 3962 thebae
660 3897 847 3968 consuerunt,
862 3915 956 3970 neque
975 3897 1082 3958 tributa
1098 3900 1156 3960 und
1249 3901 1255 3912 '

402 3985 449 4052 9·
