2578 4270
113 309 154 368 26
440 306 488 356 DE
511 307 627 358 BELLO
651 307 810 360 Gntnrco
952 311 1029 376 [Cur.
1046 311 1086 373 43,
1102 317 1143 362 44.

114 450 228 507 obsides
251 447 400 508 redderet:
423 451 447 506 si
468 451 576 508 nullam
598 462 708 526 partein
727 453 937 508 Germanorum
959 451 1076 512 domum
1099 471 1146 510 re-

114 543 226 597 mittere
239 551 343 616 posset,
360 551 387 597 at
401 559 438 598 ne
452 560 523 614 quos
538 541 659 616 amplibs
673 542 815 598 Rhenum
824 543 945 598 transire
959 545 1123 617 pateretur!

153 632 262 688 XLIV.
291 632 452 688 Ariovistus
468 633 502 687 ad
516 633 657 706 postulata
671 633 794 688 Caesaris
811 651 905 707 pauca
918 633 1082 706 respondit;
1105 635 1143 690 de

113 723 173 778 suis
187 723 337 778 virtutibus
351 722 440 778 multa
453 723 635 797 predicavit:
657 721 829 779 ‘Transisse
850 722 988 778 Rhenum
1003 741 1067 780 sese
1081 744 1142 780 non

113 814 165 868 sud
179 823 288 886 sponte,
304 813 353 869 sed
368 824 498 888 rogatum
513 825 541 868 et
556 814 722 868 arcessitum
738 813 874 882 aGullis;
890 831 948 869 non
959 811 1141 890 sinehagntit

113 922 163 977 spe
177 904 344 980 magnisque
358 905 482 978 praemiis
496 903 611 960 domum
625 905 855 978 propinquosque
869 903 1018 976 reliquisse
1026 924 1034 972 ;
1056 906 1141 961 sedes

113 993 217 1049 habere
231 995 260 1050 in
274 994 369 1052 Gallitl
384 995 419 1049 ab
433 994 501 1068 ipsis
519 1012 688 1062 consessas3
710 994 824 1050 obsides
845 994 970 1068 ipsorum
992 994 1141 1052 voluntate

113 1083 210 1152 datos3
239 1084 412 1160 stipendium
434 1103 537 1158 capere
555 1084 618 1158 jure
641 1084 717 1153 belli,
737 1084 814 1160 quod
835 1085 957 1140 victores
983 1085 1067 1141 victis
1088 1086 1142 1142 im·

112 1191 218 1248 ponere
232 1176 414 1243 consuerint;
437 1193 494 1230 non
509 1193 571 1230 sese
585 1174 685 1244 Gallis,
701 1174 751 1230 sed
772 1174 871 1230 Gallos
892 1174 947 1230 sibi
969 1175 1075 1230 bellum
1098 1176 1141 1231 in·

112 1266 229 1333 tulisse;
251 1284 351 1322 omnes
364 1266 465 1322 Galliae
480 1265 609 1320 civitates
624 1264 659 1319 ad
672 1283 703 1320 se
723 1265 946 1339 oppugnandum
967 1265 1088 1336 venisse,
1104 1285 1140 1321 ao

113 1367 213 1412 eontra
233 1375 263 1412 se
284 1367 377 1412 cestra
397 1354 548 1423 habuisse3
569 1372 618 1410 eas
641 1373 740 1410 omnes
761 1354 859 1429 copias
879 1374 896 1410 a
915 1373 946 1410 se
967 1374 1026 1410 uno
1038 1356 1140 1430 proelio

114 1447 190 1502 susas
206 1465 239 1502 so
253 1457 399 1520 superatas
413 1464 492 1513 esse;
515 1445 537 1500 si
560 1445 662 1500 iterum
683 1445 805 1519 experiri
826 1445 923 1514 velint,
939 1445 1041 1502 iteruru
1059 1464 1140 1520 para·
1168 1514 1173 1527 Ι

113 1548 173 1593 tum
188 1556 250 1594 sese
264 1537 426 1612 decertare3
448 1537 471 1592 si
486 1554 557 1610 paee
573 1535 612 1591 uti
624 1535 720 1605 velint,
733 1535 862 1608 iniquum
876 1553 938 1592 esse
949 1535 985 1592 de
996 1535 1140 1610 stipendio

113 1649 256 1700 recusare,
272 1631 347 1704 quod
362 1631 414 1686 sud
429 1630 573 1685 voluntate
588 1628 623 1684 ad
638 1628 667 1684 id
687 1639 798 1702 tenipus
819 1628 1015 1702 dependerint.
1058 1629 1140 1684 Arni-

114 1721 211 1777 citiam
231 1721 329 1796 populi
350 1720 476 1777 Romani
499 1719 552 1776 sibi
575 1729 743 1774 ornamento
764 1729 793 1774 et
816 1719 959 1792 praesidio,
973 1737 1031 1774 non
1053 1718 1140 1774 detri-

114 1825 210 1868 mento
224 1831 285 1868 esse
300 1823 439 1887 oportere,
455 1812 540 1883 idque
555 1828 585 1865 se
599 1810 633 1865 eti
654 1827 704 1883 spe
724 1808 837 1884 petisse.
880 1809 913 1864 Si
931 1827 981 1882 per
1001 1809 1139 1884 populum

114 1903 279 1958 Romanurn
294 1903 467 1976 stipendium
481 1902 649 1969 remittatur,
665 1911 692 1956 et
710 1899 831 1956 dedititii
853 1899 1064 1968 subtrahantur,
1080 1919 1139 1955 non

114 1992 209 2048 minirs
236 1993 356 2048 libenter
384 2011 446 2049 sese
473 2003 670 2048 recusaturum
696 1990 793 2065 populi
821 1989 947 2046 Romani
972 1989 1138 2059 amicitiam,

115 2081 200 2157 quaint
216 2084 372 2158 appetierit.
412 2081 503 2142 and
518 2082 728 2138 multitudinem
742 2081 950 2137 Germanorum
965 2079 994 2136 in
1015 2079 1138 2135 Galliam

114 2174 290 2242 transducat,
307 2175 335 2228 id
350 2193 380 2229 se
395 2174 438 2228 sui
454 2173 614 2242 muniendi,
627 2191 685 2228 non
705 2170 1029 2245 Gallire'inipugnandre
1051 2170 1138 2226 causti

116 2266 227 2332 facere;
256 2264 317 2338 ejus
345 2264 385 2319 rei
413 2263 607 2319 testiinonium
635 2281 707 2331 esse,
736 2259 822 2334 quod,
849 2261 905 2316 nisi
933 2271 1058 2336 rogatus,
1080 2281 1138 2318 non

115 2356 234 2424 venerit,
249 2367 277 2412 et
291 2354 368 2428 quod
383 2355 488 2410 bellurn
503 2373 560 2408 non
576 2353 711 2421 intulerit,
727 2352 777 2408 sed
797 2351 963 2408 defenderit.
1006 2353 1045 2408 Se
1059 2351 1139 2425 priris

116 2447 145 2502 in
160 2447 281 2502 Galliam
298 2446 418 2514 venisse,
433 2443 518 2518 qultm
533 2443 668 2518 populum
684 2443 858 2498 Romanum.
900 2424 1056 2516 Nunquam
1073 2454 1139 2499 ante

116 2538 171 2593 hoo
191 2549 303 2612 tempus
324 2537 479 2594 exereitum
499 2535 596 2609 populi
619 2533 745 2590 Romani
766 2531 866 2589 Galliae
888 2533 1043 2607 provinciae
1067 2533 1139 2589 fines

115 2649 270 2704 egressum.
310 2628 393 2689 Quid
408 2627 462 2683 sibi
477 2627 580 2682 velletl
615 2625 674 2680 Cur
687 2625 715 2680 in
730 2643 796 2680 suas
806 2623 999 2696 possessiones
1010 2623 1138 2679 veniretl

117 2720 295 2776 Provinciam
311 2739 391 2774 snam
405 2737 467 2774 esse
488 2718 562 2772 hano
583 2716 717 2784 Galliam,
731 2715 806 2770 siout
828 2715 904 2769 illam
925 2725 1058 2770 nostruin.
1100 2713 1140 2771 Ut

117 2810 169 2882 ipsi
186 2809 305 2864 concedi
320 2828 377 2863 non
392 2818 543 2880 oporteret,
558 2807 581 2862 si
597 2808 626 2860 in
641 2815 752 2860 nostros
772 2804 842 2859 fines
864 2803 1000 2876 impeturn
1023 2803 1138 2873 faceret,

117 2900 159 2954 sio
175 2900 241 2954 itern
260 2917 313 2953 nos
335 2916 397 2954 esse
418 2898 540 2969 iniquos,
555 2897 604 2968 qni
627 2895 656 2950 in
677 2913 729 2949 suo
749 2893 812 2966 jure
835 2907 865 2948 se
886 2893 1138 2966 interpellaremus.

116 2988 207 3048 Quod
230 2988 329 3044 fratres
351 3006 367 3042 a
388 2997 486 3041 senatu
503 2986 613 3040 AEduos
636 2982 789 3058 appellatos
810 2982 927 3050 diceret,
952 3001 1009 3038 non
1030 3001 1060 3038 se
1081 2995 1139 3039 tam

119 3080 267 3135 barbarum
294 3095 386 3149 neque
406 3087 462 3132 tani
492 3075 653 3148 imperitum
681 3091 742 3130 esse
769 3090 873 3140 rernm,
901 3081 932 3127 ut
957 3090 1015 3128 non
1042 3076 1139 3144 sciret,

118 3188 210 3241 neque
234 3168 308 3223 bello
332 3167 518 3240 Allobrogum
543 3166 672 3240 proximo
696 3163 807 3220 AEduos
834 3161 975 3216 Romanis
1003 3163 1141 3228 auxilium·

118 3261 227 3327 tulisse,
243 3277 335 3330 neque
351 3258 426 3330 ipsos
442 3257 470 3312 in
485 3256 529 3311 his
544 3255 784 3322 contentionibus,
799 3270 870 3324 quas
890 3250 979 3306 AEdui
999 3270 1096 3307 seeum
1111 3263 1140 3310 et

118 3369 184 3406 oum
209 3348 350 3420 Sequanis
373 3347 546 3414 habuissent,
570 3345 675 3400 auxilio
695 3343 791 3418 populi
820 3340 946 3398 Romani
974 3360 1040 3396 usos
1068 3361 1138 3398 esse.

119 3441 233 3496 Debere
252 3457 282 3493 se
302 3436 451 3510 suspicari,
466 3435 598 3490 simulata
619 3435 762 3489 Caesarem
785 3431 921 3500 amicitiis,
936 3429 1013 3504 qubd
1034 3432 1141 3487 exerei-

119 3541 178 3585 tutn
195 3529 222 3583 in
237 3528 330 3584 Gallirl
347 3527 457 3594 habent,
473 3525 516 3581 sni
536 3523 712 3598 opprimendi
737 3521 824 3578 causi
846 3522 958 3578 habere.
999 3519 1062 3580 Qui
1084 3522 1139 3577 nisi

119 3620 249 3687 decedat,
266 3629 348 3690 atque
364 3617 519 3672 exercitum
535 3615 657 3669 deducat
671 3631 705 3668 ex
723 3613 767 3668 his
788 3612 962 3685 regionibus,
977 3628 1039 3666 sese
1061 3610 1139 3666 illum

119 3729 176 3765 non
191 3730 242 3783 pro
257 3709 358 3776 amieo,
374 3707 422 3762 sed
437 3726 488 3779 pro
502 3706 582 3760 hoste
598 3704 777 3757 habiturum:
800 3700 876 3773 qudd
895 3701 918 3755 si
940 3718 1004 3754 euin
1028 3699 1141 3754 interse

120 3801 201 3869 oerit,
217 3800 311 3856 multis
326 3817 387 3854 sese
402 3797 546 3852 nobilibus
558 3793 793 3868 principibusque
812 3790 911 3864 populi
932 3788 1059 3844 Romani
1080 3806 1141 3860 gra·
