2578 4270
118 265 185 352 cii.
202 305 284 370 a-e.]
477 306 585 356 crasa
605 309 768 360 rannus.
1108 314 1148 375 47

118 445 240 504 hiberna
254 447 376 505 consilio
388 448 501 506 venisse
521 451 699 522 meminerat,
716 451 778 508 aliis
799 453 959 510 occurrisse
973 455 1059 512 rebus
1073 455 1148 512 vide·

119 548 173 608 rat,
188 537 312 594 maxime
336 540 470 597 frumenti
490 542 726 616 commeatusque
746 545 843 618 Inopia
866 557 1020 618 permotae,
1035 557 1148 620 postero

120 627 168 684 die
182 630 315 686 omnibus
336 629 397 705 ejus
417 631 474 687 vici
495 633 624 689 aedificiis
645 635 780 704 incensis,
796 635 825 690 in
846 635 1023 708 provinciam
1045 637 1148 692 reverti

121 720 286 776 contendit:
310 739 353 791 ac,
373 722 453 778 nullo
473 722 554 780 hoste
574 723 753 797 prohibente,
769 735 817 781 aut
840 726 893 781 iter
916 725 1091 794 demorante,
1107 727 1148 782 in·

122 811 265 867 columem
279 812 423 888 legionem
438 813 468 869 in
488 813 660 885 Nantuates,
676 815 743 871 inde
764 815 793 871 in
814 815 986 892 Allobrogas
1005 815 1147 890 perduxit,

123 902 219 975 ibique
233 902 377 969 hiemavit.
825 923 834 930 ’

164 992 229 1048 VII.
258 993 314 1049 His
328 995 414 1050 rebus
428 993 525 1069 gestiS,
541 1013 629 1068 quum
643 995 776 1051 omnibus
797 996 833 1052 de
847 996 942 1052 causis
956 997 1053 1054 Caesar
1065 1017 1149 1071 paca-

122 1095 182 1140 tam
205 1084 329 1140 Galliam
350 1085 533 1154 existimaret,
549 1086 689 1158 superatis
711 1085 818 1160 Belgis,
840 1087 964 1160 expulsis
988 1087 1148 1157 Germanis,

123 1175 208 1231 victis
223 1174 252 1230 in
273 1175 397 1249 Alpibus
420 1176 555 1245 Sedunis,
572 1187 655 1248 atque
678 1175 718 1232 ita
739 1175 810 1232 inite
832 1176 926 1233 hieme
950 1177 979 1232 in
1003 1177 1149 1251 Illyricum

122 1265 269 1339 profectus
292 1276 376 1336 esset,
397 1264 476 1338 quod
499 1284 548 1322 eas
572 1265 687 1340 quoque
710 1267 841 1322 nationes
865 1267 943 1323 adire
966 1278 994 1324 et
1018 1268 1149 1343 regiones

123 1374 300 1431 cognoscere
327 1356 448 1426 volebat,
470 1357 597 1412 subitum
625 1356 731 1412 bellum
760 1356 787 1412 in
816 1357 911 1412 Gallia
940 1368 1069 1414 coortum
1097 1369 1148 1414 est.

124 1447 195 1522 Ejus
211 1447 276 1503 belli
291 1447 353 1504 haec
367 1447 421 1502 suit
434 1465 529 1502 causa.
572 1446 603 1502 P.
619 1447 741 1502 Crassus
763 1447 928 1503 adolescens
949 1466 1016 1504 cum
1036 1448 1150 1523 legione

124 1537 246 1611 septime
265 1539 411 1611 proximus
432 1556 510 1593 mare
532 1536 684 1592 Oceanum
710 1537 739 1592 in
763 1537 897 1593 Andibus
921 1537 1069 1594 hiemirat.
1110 1538 1149 1609 Is,

124 1627 203 1702 quod
218 1628 247 1684 in
268 1628 312 1684 his
331 1628 403 1684 locis
425 1627 522 1702 inopia
542 1627 676 1683 frumenti
701 1619 771 1696 erat,
793 1627 943 1700 praesectos
964 1628 1150 1701 tribunosque

125 1719 248 1775 militum
269 1719 431 1792 complures
451 1719 481 1774 in
501 1718 637 1773 finitimas
657 1717 787 1772 civitates
809 1717 942 1773 frumenti
963 1719 1151 1774 commeatus·

125 1829 181 1884 que
195 1809 310 1884 petendi
325 1812 413 1864 causei
428 1808 554 1864 dimisit:
576 1827 632 1881 quo
647 1807 676 1863 in
691 1823 811 1862 numero
824 1817 885 1862 erat
904 1806 942 1863 T.
957 1806 1150 1877 Terrasidius,

124 1902 228 1958 missus
251 1901 281 1956 in
302 1899 429 1969 Unellos,
444 1897 485 1955 M.
501 1898 627 1955 Trebius
647 1897 748 1954 Gallus
770 1895 800 1952 in
821 1897 1019 1967 CuriosolitaS,
1039 1897 1080 1957 Q.
1096 1897 1151 1953 Ve-

123 1993 219 2050 lanius
233 2010 299 2046 cum
313 1990 350 2050 Τ.
367 1990 440 2046 Silio
454 1990 483 2045 in
498 1990 633 2046 Venetos.

164 2081 246 2139 VIII.
275 2081 369 2157 Hujus
384 2081 507 2137 civitatis
522 2091 564 2137 est
578 2078 663 2156 longe
687 2080 860 2155 amplissima
881 2080 1036 2137 auctoritas
1057 2081 1150 2138 omnis

124 2193 182 2230 orm
197 2174 344 2230 maritimae
367 2173 515 2248 regionum
539 2191 647 2242 earnm,
663 2171 741 2245 quod
762 2183 790 2228 et
808 2189 894 2246 naues
918 2172 1024 2228 habent
1046 2172 1151 2228 Veneti

32 2295 35 2300 ·
124 2266 271 2340 plurimas,
286 2265 389 2337 quibus
404 2265 432 2319 ia
448 2264 625 2319 Britanniam
641 2263 775 2340 navigare
790 2263 975 2332 consuerunt,
988 2273 1016 2318 et
1030 2263 1151 2318 scientie

127 2368 210 2430 atque
226 2375 278 2411 usu
293 2356 473 2411 nauticarum
488 2373 583 2410 rerum
604 2354 735 2425 reliquos'
749 2354 975 2422 antecedunt,'et
997 2353 1025 2408 in
1047 2371 1152 2427 magno

126 2448 233 2522 impetu
256 2447 342 2502 maris
367 2456 452 2518 atque
477 2455 583 2516 apertu,
604 2443 705 2515 paucis
731 2444 860 2515 portibus
887 2443 1052 2516 interjectis,
1080 2462 1151 2515 quos

126 2548 225 2595 tenent
247 2537 311 2610 ipsi,
336 2554 436 2592 omnes
461 2532 531 2602 fere,
553 2533 602 2604 qui
623 2551 657 2587 eo
679 2534 750 2588 mari
774 2535 814 2588 uti
840 2533 1025 2600 consuerunt,
1048 2533 1152 2590 habent

126 2627 290 2702 vectigales
333 2625 381 2680 Ab
404 2625 438 2678 iis
463 2622 517 2677 suit
541 2622 653 2676 initium
674 2621 816 2677 retinendi
839 2622 903 2676 Silii
926 2632 1009 2693 atque
1027 2621 1151 2692 Velanii,

128 2719 206 2794 quod
220 2736 270 2791 per
286 2735 335 2772 eos
350 2733 417 2770 suos
431 2731 461 2768 se
481 2711 604 2782 obsides,
620 2731 691 2785 quos
712 2712 817 2768 Crasso
837 2711 991 2780 dedissent,
1006 2729 1153 2785 reeupera-

128 2822 208 2866 turos
234 2805 441 2862 existimabant.
483 2803 595 2860 Horum
619 2803 788 2860 auctoritate
814 2801 927 2858 finitimi
955 2801 1079 2872 adducti,
1108 2802 1152 2878 (ut

129 2909 197 2956 sunt
219 2898 366 2954 Gallorum
389 2896 483 2952 subita
503 2906 531 2951 et
554 2895 703 2970 repentina
726 2891 859 2969 consilia)
881 2892 981 2949 eedem
1006 2893 1041 2949 de
1065 2894 1152 2950 cause

129 2991 270 3047 Trebiam
285 2988 540 3060 Terrasidiumque
560 2987 702 3054 retinent;
725 2996 762 3055 et,
778 2985 908 3041 celeriter
928 2984 1022 3039 missis
1042 2983 1152 3060 legatis,

128 3103 178 3160 per
194 3101 260 3138 suos
273 3081 417 3156 principes
432 3080 505 3136 inter
527 3097 557 3134 se
581 3077 732 3150 conjurant
752 3074 821 3132 nihil
845 3074 900 3130 nisi
921 3075 1066 3131 communi
1087 3093 1153 3131 con·

129 3176 194 3230 silio
209 3183 331 3242 acturos,
346 3171 528 3242 eundemque
548 3186 648 3224 omnes
672 3169 791 3224 sortunae
813 3166 919 3222 exitum
943 3183 1005 3222 esse
1025 3166 1152 3223 laturos:

129 3266 310 3338 reliquasque
338 3263 468 3319 civitates
495 3260 660 3327 sollicitant,
688 3268 719 3313 ut
747 3257 776 3313 in
804 3257 838 3313 ed
866 3257 1004 3325 libertate,
1026 3275 1110 3329 quarn
1138 3271 1155 3313 a

131 3356 286 3428 majoribus
301 3351 481 3427 acceperant,
493 3368 669 3424 permanere,
682 3347 766 3422 quem
782 3347 978 3416 Romanorum
991 3349 1154 3403 servitutem

131 3445 256 3521 perlerre
270 3444 395 3500 mallent.
437 3441 525 3498 Omni
544 3442 594 3496 orat
616 3440 758 3496 maritima
781 3439 911 3494 celeriter
934 3438 967 3492 ud
991 3457 1070 3493 suam
1094 3453 1155 3492 sen-

132 3538 250 3594 tentiam
270 3534 419 3608 perducta,
435 3551 616 3588 communem
638 3532 809 3605 legationem
833 3529 867 3584 ad
890 3529 920 3583 Ρ.
929 3527 1071 3620 ⁸Crassum
1093 3526 1155 3581 mit-

131 3639 205 3695 tunt,
221 3627 261 3682 ‘si
277 3625 344 3681 velit
358 3643 424 3680 suos
439 3624 575 3696 recipere,
591 3613 704 3677 obsides
718 3621 772 3676 sibi
788 3619 930 3675 remittat!

171 3719 225 3776 IX.
254 3717 373 3777 Quibus
387 3715 422 3771 de
437 3715 521 3770 rebus
536 3714 632 3768 Cursor
656 3713 690 3766 ab
708 3711 814 3765 Crasso
836 3709 940 3764 certior
963 3706 1063 3770 lactus,
1078 3700 1155 3781 qudd

109 3784 192 3888 'ipse
208 3812 304 3868 aberat
325 3805 448 3882 longius,
463 3824 549 3861 naves
571 3803 684 3860 interim
706 3803 805 3876 longas
827 3796 961 3856 aedilicari
987 3797 1016 3850 in
1039 3793 1156 3855 flumine

132 3903 240 3980 Ligeri,
254 3901 330 3977 qnod
345 3899 438 3956 influit
452 3898 480 3954 in
500 3895 661 3963 Oceanum,
677 3892 800 3966 remiges
813 3907 847 3946 ex
866 3885 1016 3963 provincie
1035 3886 1156 3956 institur,
