2578 4270
1150 226 1156 248 t

136 337 204 386 crs.
220 335 334 401 saa-as]
518 339 625 390 braun
648 339 789 391 enimus.
1132 339 1168 398 15

75 493 80 502 ·
136 480 263 538 hostium
277 491 372 539 castra
384 480 450 539 visae
472 493 576 554 essent,
591 494 623 540 ut
640 484 768 559 undique
788 501 847 543 uno
867 497 994 562 tempore
1015 486 1046 544 in
1069 485 1166 545 hostes

137 572 262 646 impetus
276 573 365 643 fieret,
387 584 484 630 monte
507 587 659 649 occupato,
674 587 787 632 nostros
801 579 993 652 exspectabat,
1008 578 1166 652 proelioquc

137 664 307 721 abstinebat.
349 664 444 721 Multo
458 665 582 741 denique
596 667 642 723 die
660 685 711 742 per
731 668 922 742 exploratores
943 668 1167 744 Caesar=cogno=

137 755 188 824 vit,
212 766 241 811 et
264 767 389 812 montem
415 775 431 812 a
454 756 513 812 suis
535 757 636 827 teneri,
651 769 680 814 et
704 757 852 814 Helvetios
876 769 971 814 castra
984 760 1115 829 movisse,
1137 769 1166 815 et

66 915 69 922 .
138 845 318 917 Considium,
332 846 435 902 timore
448 848 640 920 perterritum,
655 849 731 922 quod
745 867 803 905 non
818 849 944 920 vidisset,
959 869 1011 924 pro
1031 849 1092 905 viso
1110 849 1165 905 sibi

138 937 331 994 renunciasse.
375 937 420 993 Eo
433 937 490 1008 die,
505 957 563 1011 quo
576 939 730 1001 consuerat
744 939 892 995 intervallo
909 940 1005 996 hostes
1026 940 1164 1012 sequitur,

138 1037 167 1084 et
181 1028 269 1084 millia
281 1047 417 1102 passuum
432 1028 487 1084 tria
502 1030 536 1084 ab
551 1047 649 1085 eorum
664 1030 764 1085 castris
779 1039 871 1086 castra
884 1030 973 1105 ponit.

177 1118 293 1176 XXIII.
322 1119 463 1176 Postridie
478 1119 539 1194 ejus
553 1120 621 1189 diei,
637 1118 714 1194 qudd
728 1121 847 1176 omnino
868 1121 987 1177 biduum
1008 1133 1164 1196 supererat,

137 1229 225 1284 quum
240 1210 367 1267 exercitu
382 1211 555 1267 frumentum
577 1211 671 1267 metiri
685 1223 837 1286 oporteret,
852 1223 880 1268 et
894 1211 971 1286 quod
988 1232 1005 1268 a
1018 1211 1164 1288 Bibracte,

67 1345 70 1350 .
136 1301 242 1376 oppido
256 1301 417 1358 AEduorum
431 1300 516 1377 longe
539 1301 663 1359 maximo
684 1321 718 1358 ac
739 1303 947 1378 copiosissimo,
962 1321 1020 1358 non
1042 1293 1164 1378 amplius

136 1392 263 1449 millibus
275 1411 411 1467 passuum
425 1391 530 1449 XVIII
546 1394 652 1466 aberat,
667 1393 710 1450 rei
724 1393 917 1450 frumentariae
930 1393 1164 1468 prospiciendum

136 1483 317 1553 existimavit,
332 1485 385 1540 iter
401 1485 436 1540 ab
451 1483 591 1540 Helvetiis
607 1484 715 1554 avertit,
732 1503 766 1540 ac
786 1485 923 1547 Bibracte
944 1484 985 1541 ire
1006 1483 1162 1542 contendit.

137 1575 181 1631 Ea
195 1594 240 1630 res
259 1593 309 1648 per
331 1575 465 1650 fugitivos
483 1574 515 1630 L.
532 1575 653 1644 AEmilii,
669 1565 838 1632 decurionis
854 1575 983 1648 equitum
1003 1573 1163 1646 Gallorum,

136 1666 266 1742 hostibus
292 1666 455 1721 nunciatur.
511 1665 647 1733 Helvetii,
674 1677 725 1721 seu
753 1665 830 1738 qudd
863 1666 966 1720 timore
998 1666 1163 1738 perterritos

136 1755 287 1814 Romanos
308 1755 457 1810 discedere
480 1773 496 1809 a
517 1773 547 1809 se
572 1755 775 1822 existimarent,
790 1774 825 1809 eo
847 1753 948 1828 magis,
964 1753 1040 1825 quod
1061 1755 1162 1828 pridie,

105 1854 108 1861 '
135 1848 331 1923 superioribus
352 1845 424 1901 locis
445 1843 602 1918 occupetis,
625 1845 756 1918 proelium
776 1863 835 1900 non
859 1843 1082 1912 commisissent3
1104 1845 1163 1904 sive

136 1939 181 2010 eb,
197 1939 275 2013 quod
289 1957 320 1995 re
339 1935 524 1994 frumentaria
546 1934 698 1992 intercludi
718 1953 801 2009 posse
822 1934 1013 2003 confiderent3
1037 1921 1163 1992 cominu-

135 2041 196 2087 tato
209 2030 330 2087 consilio
345 2040 429 2104 atque
444 2028 546 2085 itinere
561 2045 707 2096 converso,
723 2036 834 2082 nostros
849 2044 865 2081 a
878 2025 1033 2082 novissimo
1048 2027 1162 2102 agmine

136 2121 247 2195 insequi
263 2141 296 2178 ac
310 2122 451 2178 lacessere
465 2130 620 2195 coeperunt.

175 2213 289 2270 XXIV.
317 2213 471 2286 Postquam
486 2212 514 2268 id
529 2212 655 2268 animum
671 2211 799 2284 advertit,
815 2211 912 2286 copias
926 2231 992 2268 suas
1013 2211 1111 2267 Caesar
1131 2210 1162 2267 in

135 2305 295 2380 proximum
308 2305 409 2360 collem
421 2304 564 2374 subducit,
576 2303 800 2376 equitatumque,
813 2303 861 2376 qui
873 2303 1026 2358 sustineret
1038 2302 1162 2358 hostium

136 2395 282 2471 impetum,
298 2395 382 2452 misit.
424 2394 490 2470 Ipse
511 2393 624 2450 interim
646 2394 675 2448 in
697 2394 770 2450 colle
790 2393 885 2448 medio
906 2392 1047 2466 triplicem
1070 2391 1162 2447 aciem

135 2488 269 2544 instruxit
290 2488 436 2563 legionum
461 2499 581 2559 quatuor
604 2495 811 2552 veteranarum,
837 2483 885 2551 ita,
910 2482 950 2538 uti
974 2501 1059 2556 supra
1081 2501 1111 2538 se
1133 2482 1162 2537 in

135 2597 247 2634 summo
268 2578 338 2653 jugo
362 2579 433 2632 duas
457 2576 594 2649 legiones,
610 2592 681 2646 quas
705 2573 734 2630 in
757 2573 853 2627 Gallia
878 2573 1010 2627 citeriore
1032 2571 1161 2645 proxime

136 2670 355 2742 conscr'spserat,
377 2677 405 2721 et
426 2665 522 2719 omnia
543 2663 651 2720 auxilia·
669 2659 843 2717 collocaret:
868 2677 901 2715 ac
924 2671 1015 2715 totum
1037 2677 1163 2716 montem

135 2761 300 2817 hominibus
314 2755 460 2831 compleri,
476 2765 504 2811 et
519 2755 627 2810 interea
637 2752 765 2810 sarcinas
780 2749 809 2806 in
821 2769 909 2805 unum
921 2750 1015 2804 locum
1028 2750 1162 2822 conferri,

135 2863 243 2910 etcum
259 2850 361 2919 abhis,
378 2847 468 2922 quiin
483 2846 628 2920 superiore
651 2845 713 2900 acie
734 2841 930 2910 constiterant,
947 2840 1050 2896 muniri
1068 2841 1161 2915 jussit.

136 2942 272 3012 Helvetii,
288 2961 353 2997 cum
368 2939 501 2996 omnibus
515 2937 573 2993 suis
589 2936 678 2992 carris
692 2933 794 3002 secuti,
811 2931 1014 3007 impedimenta
1029 2930 1058 2986 in
1073 2951 1162 2987 unum

136 3035 231 3090 locum
265 3032 466 3088 contulerunt:
507 3028 569 3102 ipsi,
599 3025 807 3082 confertissimi
836 3023 899 3078 acie
926 3021 1033 3094 rejecto
1065 3033 1164 3077 nostro

135 3126 273 3200 equitatu,
295 3123 435 3198 phalange
458 3120 544 3188 saeta,
559 3118 619 3207 ‚suh
640 3116 762 3190 primam
785 3123 911 3170 nostram
937 3112 1029 3168 aciem
1050 3128 1163 3168 succes·

136 3227 242 3272 serunt.

176 3307 274 3362 XXV.
303 3306 410 3372 Caesar,
438 3299 563 3376 primum
585 3319 646 3370 suo,
671 3299 774 3356 deinde
797 3299 924 3354 omnium
949 3315 984 3353 ex
1006 3306 1163 3370 conspectu

136 3397 252 3454 remotis
266 3396 356 3470 equis,
371 3405 412 3464 ut,
428 3403 540 3466 aequato
553 3391 681 3472 omnium
694 3390 832 3465 periculo,
848 3407 926 3464 spem
946 3387 1020 3462 fugae
1042 3385 1162 3455 tolleret,

137 3489 301 3544 cohortatus
321 3506 397 3554 suos,
411 3484 543 3558 prcelium
565 3483 714 3538 commisit.
757 3481 907 3547 Milites,e
929 3475 995 3534 loco
1016 3477 1163 3550 superiore

137 3578 202 3653 pilis
221 3575 324 3644 missis,
341 3574 424 3630 facile
450 3574 573 3629 hostium
597 3573 767 3646 phalangem
791 3569 999 3643 perfregerunt.
1041 3567 1084 3622 Ea
1109 3563 1164 3618 dis-

133 3669 221 3746 jecti,
236 3666 339 3743 gladiis
354 3664 497 3720 destrictis
511 3665 540 3722 in
556 3683 604 3720 eos
620 3663 756 3736 impetum
772 3661 936 3752 fecerunta
952 3657 1044 3712 Gallis
1059 3671 1164 3754 magno

137 3762 172 3818 ad
186 3775 312 3835 pugnam
327 3765 388 3812 erat
402 3755 615 3829 impedimentO,
631 3752 717 3826 qudd,
732 3751 861 3825 pluribus
882 3764 980 3804 eorum
1002 3755 1091 3799 scutis
1106 3761 1164 3799 uno

135 3854 196 3911 ictu
210 3852 332 3927 pilorum
347 3846 489 3903 transfixis
503 3856 531 3902 et
546 3845 696 3919 colligatis,
712 3859 801 3914 quum
818 3839 924 3896 ferrum
945 3853 976 3890 se
997 3832 1162 3922 inflexisset,

135 3961 229 4018 neque
243 3941 374 4010 evellere,
389 3955 492 4014 neque,
504 3935 618 4024 sinistri
634 3931 780 4010 impedita,
792 3927 860 3984 satis
872 3921 1022 3984 commode
1033 3939 1162 4003 pugnare
