2578 4270
146 339 211 388 Car.
227 338 341 400 25-728]
492 337 599 385 LIBER
622 338 821 386 SECUNDUS.
1138 340 1174 395 41
1192 363 1196 372 .

130 492 174 538 'et
187 499 247 537 rem
263 499 326 537 esse
341 481 371 536 in
386 490 507 556 angusto
520 480 601 550 vidit,
616 499 711 554 neque
726 481 816 537 ullum
832 499 894 536 esse
915 480 1085 550 subsidium,
1102 480 1176 554 quod

146 572 275 627 submitti
290 582 401 646 posset:
425 581 507 627 scuto
523 573 557 627 ab
579 573 740 627 novissimis
765 572 814 627 uni
840 572 923 627 militi
946 572 1084 640 detracto,
1100 571 1177 645 quod

147 664 207 737 ipse
222 662 257 718 eb
272 663 334 718 sine
355 673 438 718 scuto
459 673 584 732 venerat,
601 663 630 718 in
650 664 771 738 primam
797 663 889 718 aciem
914 663 1063 737 processit,
1079 675 1178 718 centu-

147 754 334 827 rionibusque
352 754 521 810 nominatim
548 755 704 828 appellatis,
726 755 851 828 reliquos
873 755 1038 810 cohortatus
1062 754 1177 822 militeS,

149 847 231 921 signa
246 845 351 901 inferre
365 858 394 901 et
408 844 570 920 manipulos
584 845 679 901 laxare
697 845 791 920 jussit,
807 846 863 919 qud
887 845 1001 902 sacililrs
1019 845 1121 921 gladiis
1136 847 1178 901 uti

147 946 272 1011 possent.
315 935 407 1010 Cujus
432 935 555 992 adventu
579 954 629 1010 spe
651 936 730 992 illata
754 937 902 1006 militibus,
928 956 962 992 ac
986 937 1179 1012 redintegrato

151 1028 256 1096 animo,
271 1045 360 1100 quum
374 1045 426 1101 pro
440 1045 471 1083 se
485 1027 607 1100 quisque
621 1027 651 1082 in
666 1039 823 1101 conspectu
839 1027 1017 1102 imperatoris
1032 1041 1060 1084 et
1075 1029 1133 1102 jam
1149 1029 1178 1084 in

149 1117 284 1174 extremis
306 1118 365 1173 suis
388 1118 473 1174 rebus
497 1135 614 1192 operam
636 1136 742 1174 navare
764 1129 891 1192 cuperet,
912 1117 1030 1193 paulum
1055 1119 1179 1175 hostium

150 1209 274 1284 impetus
287 1209 415 1265 tardatus
430 1220 480 1265 est.
1096 1209 1102 1218 “

189 1299 305 1356 XXVI.
334 1300 431 1356 Caesar
459 1319 547 1374 quum
570 1299 720 1374 septimam
743 1300 896 1375 legionem,
919 1320 982 1374 quae
1003 1299 1084 1376 juxta
1113 1320 1180 1357 con-

150 1391 271 1461 stiterat,
288 1391 355 1448 item
370 1391 465 1468 urgeri
481 1392 517 1447 ab
531 1392 612 1448 hoste
626 1392 753 1461 vidisset,
768 1393 899 1448 tribunos
914 1392 1036 1448 militurn
1059 1393 1178 1463 monuit,

150 1494 182 1539 ut
203 1482 340 1557 paulatim
362 1501 425 1540 sese
446 1483 815 1559 legionesconjungerent,
831 1495 859 1539 et
883 1503 1021 1539 conversa
1042 1485 1125 1560 signa
1150 1484 1179 1539 in

151 1574 248 1630 hostes
263 1574 408 1631 inferrent.
449 1575 521 1636 Quo
536 1575 620 1644 facto,
636 1594 724 1648 quum
740 1575 812 1630 alius
827 1575 874 1630 alii
889 1575 1048 1630 subsidium
1064 1575 1179 1644 ferrent,

151 1683 245 1739 neque
259 1666 402 1735 timerent,
417 1683 454 1722 ne
474 1665 564 1721 aversi
581 1667 616 1720 ab
637 1666 718 1721 hoste
739 1663 1026 1734 circumvenirentur,
1043 1665 1181 1722 audacius

151 1757 283 1813 resistere
306 1776 339 1812 ac
361 1754 462 1812 lortids
483 1775 611 1831 pugnare
630 1767 785 1830 coeperunt.
828 1755 947 1812 Interim
969 1757 1074 1812 milites
1095 1757 1182 1832 legio-

150 1866 221 1903 num
236 1848 367 1917 duarum,
383 1867 445 1921 quae
467 1849 496 1903 in
518 1847 673 1902 novissimo
688 1847 801 1922 agmine
815 1847 949 1921 praesidio
971 1847 1182 1922 impedimentis

151 1940 274 2008 fuerant,
288 1939 390 2013 proelio
404 1933 554 2009 nunciato}
568 1957 654 1994 cursu
670 1939 800 2008 incitato,
813 1939 841 1994 in
857 1958 969 1994 summo
980 1939 1054 1995 colle
1070 1940 1105 1994 ab
1120 1940 1182 1996 hos-

150 2031 228 2086 tibus
243 2031 503 2104 conspiciebantur.
547 2030 584 2087 Et
598 2029 635 2086 T.
648 2030 804 2100 Labienus,
816 2030 917 2086 castris
929 2030 1052 2086 hostiurn
1063 2032 1180 2105 potitus,

151 2131 229 2178 etex
244 2121 309 2177 loco
323 2121 478 2196 superiore,
494 2141 557 2195 quae
572 2140 617 2177 res
632 2121 661 2177 in
676 2121 781 2178 nostris
799 2121 901 2178 castris
922 2133 1099 2198 gererentur,
1115 2142 1181 2178 con-

152 2213 288 2287 spicatus,
304 2213 445 2268 decimam
460 2213 603 2288 legionem
619 2213 748 2269 subsidio
762 2214 867 2270 nostris
888 2213 973 2270 misit.
1014 2213 1078 2273 Qui
1093 2232 1181 2286 quum

152 2322 187 2359 ex
201 2304 329 2377 equitum
344 2316 373 2360 et
387 2305 521 2360 calonum
543 2304 621 2379 fugai,
637 2324 694 2376 quo
715 2304 744 2360 in
765 2305 831 2361 loco
851 2324 897 2362 res
917 2315 1002 2374 esset,
1017 2315 1182 2378 quantoque

153 2393 181 2450 in
196 2395 325 2468 periculo
339 2406 367 2451 et
382 2407 475 2452 castra
489 2406 517 2451 et
531 2395 660 2470 legiones
675 2407 703 2450 et
717 2395 870 2470 imperator
892 2405 1061 2465 versaretur,
1077 2415 1182 2471 coguo-

153 2486 268 2554 vis'sent,
283 2486 353 2541 nihil
370 2487 404 2542 ad
419 2487 596 2543 celeritatem
612 2486 666 2541 sibi
681 2473 784 2559 reliqui
804 2487 943 2542 fecerunt.

192 2576 320 2633 XXVII.
350 2577 463 2633 Horum
480 2576 601 2630 adventu
616 2587 696 2650 tanta
709 2595 804 2632 rerum
824 2576 1012 2632 commutatio
1033 2587 1075 2632 est
1096 2577 1181 2648 facta,

152 2678 184 2723 ut
205 2669 304 2737 nostri,
326 2668 413 2723 etiam
436 2666 674 2740 qui'vulneribus
699 2666 824 2722 conlecti
848 2667 1078 2740 procubuissent,
1093 2669 1183 2724 scutis

153 2759 253 2829 innixi,
267 2759 401 2833 proelium
414 2758 661 2834 redintegrarent;
684 2770 745 2814 tum
761 2758 887 2826 caloneS,
902 2757 1066 2832 perterritos
1087 2759 1183 2816 hostes

152 2851 321 2926 conspicati,
337 2850 423 2906 etiam
438 2850 561 2906 lnermcs
577 2850 691 2906 armatis
706 2860 910 2918 occurrerent;
933 2849 1043 2922 equites
1058 2849 1135 2920 verb,
1152 2861 1183 2908 ut

152 2942 359 3016 turpitudinem
374 2941 448 3017 sugae
463 2941 567 2998 virtute
582 2942 720 3011 delerent,
735 2941 869 2998 omnibus
884 2941 913 2996 in
934 2941 1006 2997 locis
1026 2961 1130 3018 pugnae
1152 2961 1183 3000 se

62 3033 65 3038 ’
151 3032 317 3108 legionariis
331 3033 470 3090 militibus
490 3034 665 3107 praeferrent.
709 3032 749 3088 At
771 3033 867 3088 hostes
891 3033 977 3088 etiam
1003 3033 1032 3088 in
1054 3033 1182 3090 extrema
1231 3023 1233 3029 Α

152 3141 201 3197 spe
216 3123 315 3180 salutis
328 3135 437 3181 tantam
451 3125 584 3180 virtutem
599 3123 802 3197 praestiterunt,
818 3133 858 3193 ut,
875 3143 962 3197 quum
976 3124 1061 3199 primi
1083 3143 1183 3180 eorum

152 3214 335 3284 cecidissent,
349 3214 472 3288 proximi
488 3214 652 3288 jacentibus
667 3214 841 3283 insisterent,
858 3225 942 3288 atque
957 3234 992 3270 ex
1007 3234 1106 3271 eorum
1122 3233 1184 3270 cor·

151 3306 269 3380 poribus
282 3315 461 3380 pugnarent3
483 3305 529 3359 his
544 3304 672 3378 dejectiS,
688 3315 715 3361 et
731 3307 906 3362 coacervatis
921 3306 1117 3375 cadaveribus,
1133 3306 1180 3378 qui

152 3407 344 3470 superessent,
359 3407 391 3450 ut
411 3413 447 3450 ex
470 3395 581 3450 tumulo
602 3395 660 3450 tela
683 3396 713 3451 in
736 3407 848 3452 nostros
873 3397 1060 3470 conjicerent,
1077 3408 1105 3453 et
1124 3397 1184 3470 pila

153 3496 313 3558 intercepta
326 3485 523 3541 remitterent:
544 3495 647 3541 utnon
662 3487 855 3560 nequidquam
870 3499 957 3543 tantae
972 3488 1084 3544 virtutis
1106 3488 1184 3542 born-

154 3575 216 3632 ines
240 3574 364 3649 judicari
392 3575 509 3631 deberet
538 3595 620 3632 ausos
645 3596 707 3633 esse
731 3578 852 3633 transire
873 3578 1042 3634 latissimum
1065 3577 1182 3646 flumen,

154 3666 310 3722 ascendere
336 3665 486 3721 altissimas
513 3667 598 3740 ripas,
624 3669 720 3724 subire
745 3668 956 3741 iniquissimum
980 3669 1096 3723 locum:
1119 3685 1182 3739 quae

154 3757 250 3814 facilia
265 3775 299 3813 ex
313 3757 490 3812 difficillimis
505 3758 591 3813 animi
607 3759 776 3832 magnitudo
790 3759 948 3832 redegerat.

191 3847 336 3904 XXVIII.
366 3847 433 3902 Hoc
448 3848 546 3920 proelio
561 3848 647 3916 facto,
662 3859 690 3904 et
704 3867 793 3922 prope
809 3849 844 3902 ad
859 3847 1085 3904 internecionem
1097 3859 1183 3924 gente

151 3955 186 3994 ac
209 3937 327 3994 nomine
350 3936 527 3995 Nerviorum
551 3937 679 4007 redacto,
701 3938 823 4010 majores
846 3948 926 4008 natu,
941 3955 1013 4010 quos
1034 3938 1094 3994 und
1115 3958 1183 3995 curu

469 4026 517 4083 41
