2578 4270
105 326 142 387 12
436 325 485 374 DE
508 325 625 374 BELLO
649 323 808 373 GALLICO
936 323 1015 388 [Cur.
1032 322 1135 372 16-18.

103 468 172 525 satis
186 487 291 546 magna
304 468 388 543 copis
401 468 585 543 suppetebat:
608 485 643 524 eo
657 477 752 523 autern
763 466 917 537 frumento,
929 463 1006 540 quod
1015 463 1135 522 flumine

103 559 190 616 Arari
210 560 331 616 navibus
353 559 531 629 subvexerat,
558 568 710 634 propterea
728 557 770 614 uti
796 554 893 614 mimis
911 565 1033 632 poterat,
1056 554 1135 630 quod

103 649 157 706 iter
172 650 207 706 ab
226 650 312 706 Arari
334 636 461 706 Helvetii
485 660 686 720 averterant,a
709 649 813 723 quibus
837 647 987 704 discedere
1008 647 1132 703 nolebat.
1194 678 1198 684 ·

71 744 91 762 “
103 739 191 796 Diem
204 759 240 796 ex
253 740 300 797 die
314 740 421 797 ducere
442 739 542 811 AEdui,
557 740 692 810 conserti,
707 739 889 814 comportari,
905 739 1005 795 adesse
1026 737 1131 794 dicere.

102 830 160 887 Ubi
174 849 205 887 se
219 831 327 887 diutius
341 830 409 888 duci
424 831 573 901 intellexit,
588 841 617 886 et
635 829 712 886 diem
733 829 849 900 instare,
863 849 921 904 quo
941 829 988 886 die
1009 829 1133 885 frumen-

102 932 164 978 tum
184 921 323 978 militibus
340 922 434 978 metiri
455 931 608 996 oporteret,
636 920 802 977 convocatis
822 939 922 978 eorum
942 919 1131 996 principibus,

103 1031 224 1085 querum
237 1031 371 1088 magnam
386 1012 499 1087 copiam
514 1011 543 1068 in
559 1011 659 1068 castris
680 1011 813 1080 habebat,
828 1011 858 1066 in
879 1011 924 1067 his
943 1010 1089 1068 Divitiaco
1103 1021 1133 1067 et

103 1101 200 1173 Lisco,
228 1101 278 1177 qui
305 1121 417 1159 summo
444 1103 612 1178 magistratu
644 1111 765 1177 praeerat
793 1100 893 1176 (quem
919 1101 1132 1176 vergobretum

104 1193 247 1268 appellent
261 1192 361 1264 AEdui,
376 1193 425 1266 qui
446 1204 560 1249 creatur
582 1211 703 1262 annuus,
718 1203 747 1248 et
770 1191 834 1248 vitae
855 1191 992 1265 necisque
1013 1191 1044 1248 in
1065 1211 1133 1248 suos

103 1282 190 1339 habet
202 1285 386 1361 potestatem)
402 1283 525 1358 graviter
540 1301 589 1338 eos
604 1294 730 1353 accusat,
746 1281 834 1357 qudd,
848 1301 937 1356 quum
956 1299 1050 1356 neque
1064 1282 1131 1352 emi,

103 1391 197 1446 neque
211 1391 247 1430 ex
262 1372 337 1448 agris
358 1373 433 1430 sumi
456 1384 561 1448 posset,
576 1383 634 1430 tarn
655 1373 819 1429 necessario
839 1383 976 1447 ternpore,
991 1382 1049 1428 tam
1068 1391 1133 1447 pro-

103 1463 218 1538 pinquis
232 1463 371 1534 hostibus,
387 1463 422 1519 ab
437 1462 472 1519 iis
486 1483 544 1520 uon
558 1464 737 1520 sublevetur:
759 1463 915 1538 praesertim
927 1481 1015 1537 quum
1026 1464 1130 1538 magud

104 1571 140 1610 ex
160 1563 241 1630 purte
262 1571 362 1610 eorum
384 1553 520 1629 precibus
545 1554 686 1610 adductus
710 1554 816 1610 bellum
846 1553 1014 1629 susceperit,
1041 1554 1133 1625 multo

103 1643 190 1701 etiam
205 1642 330 1720 gravids,
344 1644 422 1720 qnod
436 1645 473 1702 sit
486 1645 648 1716 destitutus,
664 1645 800 1720 queritur.

143 1733 241 1794 XVII.
282 1735 362 1792 Turn
387 1736 502 1793 demum
529 1735 642 1807 LiscuS,
670 1736 800 1793 oratione
829 1735 954 1792 Caesaris
980 1734 1131 1806 adductus,

104 1824 181 1896 quod
201 1836 285 1882 antea
304 1836 444 1898 tacuerat,
458 1828 610 1902 proponit:
633 1827 734 1884 ‘Esse'
746 1827 908 1897 nonnullos,
924 1845 1045 1900 quorum
1065 1845 1133 1883 auc·

103 1914 203 1970 toritas
217 1915 291 1990 apud
304 1916 418 1992 plebem
431 1915 586 1991 plurimum
600 1918 702 1987 valeat,
717 1919 766 1992 qui
779 1916 911 1991 privatim
926 1917 989 1990 plus
1009 1917 1129 1992 possint,
1213 1932 1217 1938 '

103 2005 191 2080 qudm
204 2005 259 2081 ipsi
272 2006 463 2083 magistratus.
499 2005 568 2064 IIos
588 2008 724 2064 seditiosd
746 2016 830 2081 atque
851 2003 982 2080 improbe
1002 2008 1131 2066 oratione

103 2096 316 2154 multitudinem
327 2097 481 2168 deterrere,
496 2115 533 2154 ne
547 2097 721 2154 frumentum
736 2097 894 2167 conserant,
909 2097 986 2171 quod
996 2109 1131 2172 praestnre

103 2187 235 2246 debeant.
276 2187 309 2243 Si
320 2186 380 2262 jam
392 2187 585 2262 principatum
599 2189 701 2244 Galliae
715 2188 845 2244 obtinere
859 2206 918 2243 non
932 2188 1052 2262 possint,
1063 2189 1132 2246 Gal-

102 2278 196 2336 lorum
218 2276 305 2352 qudm
328 2277 527 2335 Romanorum
551 2277 671 2353 imperia
696 2279 839 2354 praeserre,
867 2295 962 2353 neque
989 2277 1130 2350 dubitare,

103 2369 183 2443 quln,
197 2368 222 2425 si
236 2368 384 2426 Helvetios
398 2369 594 2445 superaverint
612 2367 823 2440 Romani,'und
844 2387 911 2426 cum
932 2369 1041 2443 reliqua
1062 2370 1130 2427 Gal·

102 2459 143 2516 lit
156 2459 262 2518 AEduis
275 2459 435 2518 libertatem
449 2461 506 2517 sint
520 2459 654 2536 erepturi.
696 2461 744 2519 Ab
759 2460 861 2518 iisdem
881 2471 979 2516 nostra
998 2460 1129 2532 consilia,

103 2569 223 2625 quaeque
237 2550 268 2608 in
286 2551 387 2610 castris
407 2562 551 2628 gerantur,
566 2551 696 2608 hostibus
716 2551 884 2609 enunciari:
905 2549 959 2608 hos
973 2569 989 2608 a
1003 2555 1130 2610 secobr-

103 2641 163 2698 ceri
189 2661 248 2698 non
272 2622 373 2718 posse:
406 2642 474 2718 quin
502 2644 598 2715 etiam,
627 2640 705 2718 qubd
731 2641 895 2700 necessario
924 2661 984 2700 rem
1011 2653 1130 2698 coactus

62 2801 65 2806 Ι
103 2730 212 2788 Caesari
233 2733 406 2803 enuncidrit,
431 2733 592 2809 intelligere
615 2752 688 2803 sese,
716 2744 823 2808 quanto
851 2731 880 2788 id
907 2751 973 2790 cum
999 2731 1130 2808 periculo

103 2819 213 2890 fecerit,
228 2832 257 2878 et
270 2822 308 2877 ob
321 2839 385 2878 eam
399 2841 525 2893 causam,
540 2822 626 2896 quiam
640 2823 690 2878 diu
703 2822 838 2895 potuerit,
853 2823 995 2878 tacuisse!
1083 2855 1087 2865 ι

142 2909 257 2968 XVIII.
298 2910 396 2967 Caesar
416 2911 472 2966 hac
495 2913 624 2966 oratione
646 2911 725 2966 Lisci
750 2909 969 2985 Dumnorigem,
991 2909 1127 2970 Divitiaci

104 2998 229 3070 fratrem,
254 2999 398 3076 designari
419 2989 579 3070 sentiebat!
604 3000 664 3070 sed,
687 2998 763 3072 qudd
788 2999 917 3073 pluribus
940 3003 1128 3075 praesentibus

103 3108 152 3147 eas
175 3109 221 3148 res
241 3091 344 3166 jactari
367 3089 492 3162 nolebat,
519 3091 650 3148 celeriter
675 3089 830 3144 concilium
855 3090 981 3162 dimittit,
1009 3091 1127 3150 Liscum

103 3181 225 3238 retinet:
247 3181 349 3254 quaerit
371 3199 408 3237 ex
429 3182 490 3238 solo
512 3201 556 3250 ea,
582 3199 645 3254 quae
668 3179 697 3234 in
720 3191 863 3236 conventu
887 3181 1004 3238 dixerat.
1047 3182 1127 3240 Dicit
1211 3240 1233 3257 Γ,

103 3267 222 3326 liberiirs
245 3281 329 3343 atque
344 3269 490 3328 audaciirs.
532 3271 642 3327 Eadem
663 3269 773 3326 secretd
790 3271 825 3337 ab
846 3271 908 3327 aliis
929 3273 1045 3345 querit3
1066 3293 1127 3348 rep-

104 3360 158 3416 erit
179 3379 241 3417 esse
267 3379 352 3418 vera:
375 3360 493 3435 ‘Ipsum
520 3378 582 3416 esse
609 3359 827 3436 Dumnorigem,
855 3363 965 3418 summi
995 3364 1125 3435 audaciai,

104 3451 208 3526 magnit
236 3450 310 3524 apud
337 3450 450 3526 plebem
475 3460 590 3524 propter
620 3449 819 3508 liberalitatem
852 3451 955 3527 gratis,
989 3453 1125 3528 cupidum

103 3559 199 3596 rerum
220 3559 374 3610 novarum;
397 3541 559 3614 complures
583 3560 672 3597 annos
694 3541 820 3616 portoria
841 3543 1007 3618 reliquaque
1029 3547 1126 3602 omniu

102 3631 264 3689 AEduornm
286 3631 437 3707 vectigalia
457 3649 544 3706 parvo
564 3632 657 3706 pretio
679 3633 826 3708 redempta
848 3633 962 3706 habere,
977 3647 1125 3710 propterea

104 3720 191 3794 qudd,
212 3722 263 3782 illo
283 3721 400 3794 licente,
424 3733 525 3778 contra
548 3722 629 3778 liceri
654 3723 757 3780 audeat
777 3743 870 3782 nemo.
913 3725 968 3782 His
990 3727 1075 3784 rebus
1097 3740 1126 3786 et
1207 3753 1208 3756 ¹

103 3831 185 3868 suum
198 3828 257 3870 rem
273 3814 439 3870 familiarem
456 3813 577 3885 auxisse,
592 3824 621 3870 et
635 3813 783 3871 facultates
805 3816 840 3871 ad
855 3816 1034 3892 largiendum
1048 3837 1126 3895 mug-

103 3920 160 3963 nas
182 3905 381 3978 comparasse:
420 3923 556 3982 mag-rrum
585 3918 748 3962 numerum·
763 3907 906 3980 equitabis
932 3927 985 3964 suo
1011 3922 1124 3985 sumptu
