2566 4270
135 301 190 392 ild
460 328 508 379 DE
532 331 647 378 BELLO
671 329 830 378 caturco
996 328 1077 393 [Car.
1094 330 1167 378 1-4.

134 473 272 533 audacius
295 473 428 536 debello
451 474 573 538 consilia
598 473 672 531 inire
696 471 847 548 incipiunt.
889 469 1011 528 Indictis
1035 471 1112 528 inter
1135 491 1167 530 se

131 565 276 640 principes
289 563 391 620 Galliae
406 565 538 622 conciliis
559 563 735 622 silvestribus
757 582 791 622 ac
812 563 928 619 remotis
949 561 1021 618 locis
1041 582 1168 636 querun-

131 669 177 714 tur
202 657 239 712 de
260 655 391 725 Acconis
415 667 524 724 morte3
547 655 625 711 hunc
649 674 748 711 casum
772 653 807 710 ad
833 654 909 729 ipsos
930 653 1060 710 recidere
1080 673 1166 730 posse

132 747 345 816 demonstrant;
371 747 542 804 miserantur
563 765 746 802 communem
767 745 868 802 Galliae
890 745 1050 815 fortunam
1072 746 1166 802 omni-

132 838 185 893 bus
201 837 463 914 'pollicitationibus
488 856 522 894 ac
542 835 668 912 praemiis
692 837 862 912 deposcunt,
884 835 933 910 qui
958 835 1025 892 belli
1048 836 1165 893 initium

131 929 248 999 faciant,
263 940 291 986 et
305 929 350 984 sui
365 929 468 1002 capitis
481 928 612 1003 periculo
625 927 749 984 Galliam
771 927 801 984 in
822 927 984 984 libertatem
1005 927 1162 985 vindicent„

131 1025 138 1051 ¹
152 1019 222 1094 Ejus
236 1020 266 1076 in
280 1020 379 1096 primis
393 1020 532 1077 rationem
547 1019 725 1089 habendam,’
742 1017 853 1088 dicunt,
868 1017 1051 1102 ‘priusquam
1062 998 1180 1076 eorum·

131 1110 309 1168 clandestina
323 1110 443 1168 consilia
457 1110 620 1180 efferantur,
636 1120 667 1166 ut
681 1109 778 1166 Caesar
794 1110 829 1165 ab
844 1109 973 1168 exercitu
984 1109 1161 1166 intercluda-

130 1211 185 1258 tur.
226 1201 260 1258 Id
279 1197 341 1259 esse
363 1202 457 1272 facile,
472 1199 550 1276 quod
571 1219 665 1274 neque
685 1201 824 1276 legionen,
840 1199 957 1258 absente
979 1199 1162 1274 imperatore,

132 1277 305 1348 audeantex
325 1292 453 1348 hibernis
473 1291 582 1368 egredi,
597 1310 691 1365 neque
713 1292 867 1367 imperator
888 1291 950 1349 sine
970 1291 1106 1366 praesidio
1126 1292 1163 1348 ad

129 1382 258 1458 legiones
271 1381 419 1461 pervenire
439 1383 547 1456 possit:
567 1381 712 1457 postremo
734 1383 764 1440 in
786 1383 848 1440 acie
868 1393 1005 1458 praestare
1026 1381 1162 1452 interfici,

130 1473 215 1548 qudm
231 1492 289 1530 non
304 1481 428 1530 veterem
443 1473 510 1533 belli
531 1473 652 1549 gloriam
672 1473 901 1548 libertatemque,
917 1493 1002 1548 quam
1018 1473 1163 1550 amajori-

130 1563 183 1620 bus
198 1564 371 1642 acceperint,
386 1547 574 1640 recuperare?

168 1655 207 1712 ΙΙ.
236 1656 292 1714 His
306 1657 391 1714 rebus
406 1657 528 1732 agitatis,
540 1655 707 1732 profitentur
722 1655 875 1728 Carnutes,
890 1664 937 1713 ‘se
949 1657 1059 1712 nullum
1068 1656 1162 1732 perio·
1191 1655 1196 1674 '

130 1747 209 1804 ulum
230 1748 391 1806 communis
411 1748 512 1804 salutis
534 1748 621 1806 causa
636 1765 780 1818 recusare,
793 1747 996 1824 principesque
1017 1767 1053 1804 ex
1070 1749 1163 1804 omni-

131 1837 184 1895 bus
211 1840 316 1897 bellum
345 1840 470 1896 facturos
495 1839 685 1914 pollicentur;
722 1850 760 1906 et,
788 1839 923 1913 quoniam
952 1840 981 1895 in
1007 1840 1163 1914 praesentia

130 1930 277 1987 obsidibus
292 1931 364 1987 inter
378 1949 409 1988 se
424 1949 524 1988 cavere
539 1950 596 1986 non
616 1930 736 2004 possint,
751 1949 788 1986 ne
808 1949 854 1987 res
875 1931 1019 2001 efferatur,
1035 1941 1066 1986 ut
1084 1931 1163 2006 jure-

128 2018 251 2094 jurando
273 2039 307 2078 ac
331 2021 386 2078 lide
414 2013 568 2092 sanciatur,
592 2031 704 2096 petunt,
728 2021 839 2080 collatis
866 2021 1037 2087 militaribus
1057 2022 1161 2098 signis,

132 2108 203 2186 (quo
217 2129 295 2167 more
310 2129 408 2168 eorum
423 2113 596 2188 gravissimae
612 2113 783 2170 caerimoniae
799 2113 1006 2190 continentur,)
1022 2131 1069 2184 ne,
1082 2113 1162 2170 sacto

76 2209 78 2214 ’
131 2200 214 2256 initio
228 2201 305 2271 belli,
321 2202 355 2258 ab
370 2202 485 2275 reliquis
505 2204 688 2260 deserantur!
731 2203 820 2273 Tum,
835 2205 1005 2260 collaudatis
1024 2203 1161 2261 Carnuti-

131 2291 194 2361 buS,
209 2291 276 2347 dato
294 2291 482 2368 jurejurando
504 2295 539 2350 ab
563 2295 706 2364 omnibus,
723 2295 770 2369 qui
797 2295 924 2366 aderant,
946 2306 1073 2371 tempore
1097 2281 1160 2372 ejus

130 2381 172 2438 rei
187 2383 350 2454 constituto,
367 2384 402 2439 ab
417 2385 541 2442 concilio
555 2385 721 2442 disceditur.
749 2452 753 2460 ,

169 2472 224 2532 ΙΙΙ.
251 2473 309 2532 Ubi
333 2493 367 2532 ea
390 2475 451 2532 dies
473 2477 560 2547 venit,
582 2477 734 2547 Carnutes,
756 2476 881 2534 Cotuato
908 2487 937 2534 et
965 2477 1159 2535 Conetoduno

130 2563 261 2638 ducibus,
277 2565 433 2642 desperatis
447 2567 621 2638 hominibus,
632 2569 784 2624 Genabum
796 2568 863 2624 dato
873 2568 956 2644 signo
970 2580 1158 2640 concurrunt,

129 2657 264 2733 civesque
278 2657 437 2730 Romanos,
451 2659 502 2733 qui
516 2659 682 2734 negotiandi
697 2661 785 2715 causa
800 2659 839 2714 ibi
855 2659 1051 2730 constiterant,
1067 2659 1097 2715 in
1112 2660 1158 2717 his

129 2747 163 2804 C.
179 2749 298 2806 Fusium
313 2751 419 2821 Citam,
442 2751 593 2807 honestum
617 2750 742 2824 equitem
765 2749 941 2820 Romanum,
963 2749 1012 2824 qui
1034 2750 1076 2806 rei
1100 2751 1158 2807 fru-

129 2841 274 2896 mentariae
296 2841 376 2914 jussu
398 2843 521 2898 Caesaris
543 2851 673 2916 praerat,
695 2841 880 2912 interficiunt,
901 2842 1033 2915 bonaque
1055 2860 1156 2898 eorum

130 2927 274 3002 diripiunt.
316 2930 455 2987 Celeriter
470 2933 505 2988 ad
519 2951 618 3014 omnes
631 2932 732 2990 Galliae
752 2933 882 2988 civitates
903 2932 978 2990 sama
996 2932 1155 3006 perfertur3

129 3037 205 3086 nam,
221 3019 269 3076 ubi
290 3021 378 3096 major
401 3032 484 3096 atque
506 3022 641 3081 illustrior
662 3023 764 3080 incidit
785 3042 839 3092 res,
855 3023 980 3080 clamore
999 3042 1049 3098 per
1072 3043 1156 3100 agros

129 3110 317 3185 regionesque
331 3111 507 3188 significant3
529 3115 606 3172 bunc
629 3115 676 3172 alii
697 3113 833 3188 deinceps
854 3113 1010 3188 excipiunt,
1025 3123 1054 3171 et
1073 3133 1157 3190 prox·

130 3200 194 3264 imis
214 3200 345 3272 tradunt3
367 3213 398 3260 ut
418 3215 479 3262 tum
500 3205 624 3262 accidit:
646 3225 723 3276 nam,
739 3225 801 3278 quae
826 3205 939 3262 Genabi
963 3205 1073 3262 oriente
1094 3205 1155 3262 sole

128 3301 209 3368 gesta
222 3303 326 3364 essent,
342 3305 406 3352 ante
419 3297 540 3369 primam
555 3298 716 3354 confectam
730 3296 858 3372 vigiliam
873 3296 902 3352 in
924 3296 1029 3352 finibus
1049 3296 1156 3352 Arver-

128 3401 232 3442 norum
246 3383 343 3442 audita
355 3397 435 3455 sunt;
459 3387 534 3460 quod
549 3389 670 3462 spatium
685 3397 727 3444 est
742 3387 862 3443 millium
878 3387 993 3444 circiter
1008 3386 1099 3444 CLX

168 3471 219 3533 IV.
248 3473 342 3531 Simili
356 3477 465 3534 ratione
480 3478 519 3534 ibi
535 3477 763 3554 Vercingetorix,
775 3477 883 3534 Celtilli
898 3477 983 3548 lilius,
995 3477 1154 3549 Arvernus,

128 3584 245 3624 summae
267 3567 401 3641 potentiae
424 3565 598 3640 adolescens,
614 3569 710 3646 (cujus
733 3581 812 3645 pater
835 3569 1027 3644 principatum
1046 3567 1155 3626 Galliae
1202 3583 1205 3590 '

128 3659 215 3714 totius
236 3658 407 3728 obtinuerat,
423 3670 450 3715 et
471 3659 590 3716 obeam
612 3681 737 3731 causam,
753 3661 829 3734 quod
851 3679 971 3736 regnum
994 3659 1153 3734 appetebat,

130 3751 165 3804 ab
187 3751 302 3807 civitate
324 3762 384 3806 erat
407 3750 598 3828 interfectus)
621 3753 784 3808 convocatis
805 3752 864 3807 suis
886 3751 1048 3820 clientibus,
1067 3749 1153 3807 facile

130 3837 266 3916 incendit.
318 3841 450 3916 Cognito⁴
471 3840 531 3912 ejus
560 3841 689 3908 consilio,
719 3841 754 3896 ad
782 3861 860 3896 arma
887 3841 1085 3897 concurritur:
1118 3841 1156 3898 ab

130 3923 331 3996 Gobauitione,
345 3941 447 4003 patruo
461 3947 523 3990 sno,
537 3929 709 4000 reliquisque
724 3931 911 4003 principibus,
927 3931 976 4004 qui
997 3931 1072 3988 hanc
1091 3941 1156 3990 teu·
