2578 4270
134 286 174 343 ns
462 283 510 333 nn
532 279 649 336 annno
673 283 833 334 nautico
997 284 1080 348 [cn.
1098 284 1179 334 aa.

135 425 291 502 vectigales
317 425 372 482 sibi
396 425 537 497 lecerunt,
562 445 596 482 ac
622 426 714 484 multo
740 425 909 484 humiliores
935 425 1179 500 infirmioresque

136 517 316 592 redegerunt.

174 607 226 663 IV.
254 607 290 662 ln
311 606 413 663 eedem
434 608 523 662 causat
544 608 660 664 suerunt
682 607 815 681 Usipetes
838 617 868 662 et
888 606 1081 676 Tenchtheri,
1098 625 1176 680 quos

136 698 222 772 supra
246 698 380 767 diximus,
395 697 444 770 qui
466 698 628 772 complures
652 717 741 754 annos
766 699 926 754 Suevorum
946 698 1004 753 vim
1024 699 1177 754 sustinue-

137 801 221 857 runt;
244 789 279 844 ad
300 801 458 847 extremum
476 799 582 858 tamen,
598 787 674 864 agris
696 788 816 862 expulsi,
831 799 860 844 et
881 788 980 844 multis
1001 789 1174 846 Germaniae

136 879 208 936 locis
222 879 378 936 triennium
391 879 495 954 vagati,
512 879 546 935 ad
565 879 703 935 Rhenum
716 889 925 952 pervenerunt:
948 897 1019 952 quas
1032 879 1174 954 regiones

137 967 267 1044 Menapii
281 969 455 1039 incolebant,
469 980 498 1026 et
513 969 548 1025 ad
563 980 713 1044 utramque
729 969 821 1043 ripam
843 969 970 1026 fluminis
991 989 1086 1045 agros,
1104 971 1174 1026 redi-

137 1060 204 1117 ficia
217 1061 352 1134 vicosque
365 1060 526 1129 habebant3
548 1059 599 1116 sed
613 1071 698 1116 tantae
713 1059 905 1116 multitudinis
919 1060 998 1116 aditu
1011 1061 1172 1134 perterriti,

137 1169 173 1208 ex
193 1151 238 1207 his
262 1151 401 1221 aedificiis,
424 1170 486 1224 quae
508 1161 587 1207 trans
608 1150 715 1206 llumen
736 1150 905 1220 habuerant,
919 1151 1172 1226 demigraverant3

138 1251 176 1309 et,
191 1242 234 1297 cis
247 1241 386 1298 Rhenum
400 1240 544 1316 dispositis
557 1240 706 1315 praesidiis,
721 1240 881 1298 Germanos
895 1241 1016 1298 transire
1033 1243 1174 1316 probibe-

138 1329 215 1388 bant.
256 1329 313 1400 Illi,
327 1330 424 1386 omnia
445 1331 565 1406 experti,
580 1350 668 1404 quum
689 1349 784 1404 neque
808 1331 836 1386 vi
858 1332 1032 1388 contendere
1051 1343 1173 1406 propter

139 1419 265 1494 inopiam
279 1420 405 1492 navium,
419 1439 513 1494 neque
527 1420 603 1478 clam
620 1422 742 1478 transire
760 1433 875 1496 propter
897 1423 1043 1478 custodias
1066 1422 1174 1479 Mena-

138 1511 250 1586 piorum
264 1523 390 1605 possentd
404 1511 507 1568 reverti
528 1531 559 1568 se
579 1511 609 1567 in
623 1531 690 1568 suas
710 1512 792 1568 sedes
812 1512 1002 1587 regionesque
1017 1514 1174 1570 simulave-

140 1613 223 1671 runt;
245 1613 274 1658 et
287 1601 374 1658 tridui
396 1602 470 1658 viam
490 1603 642 1677 progressi,
657 1622 755 1658 rursus
776 1615 961 1672 reverterunt,
978 1615 1073 1676 atque,
1087 1606 1170 1662 omni

141 1693 195 1750 hoc
210 1693 311 1750 itinere
326 1693 383 1748 und
398 1704 483 1749 nocte
497 1693 626 1766 equitatu
641 1694 783 1762 conlecto,
799 1693 905 1750 inscios
926 1695 1170 1768 inopinantesque

141 1781 291 1859 Menapios
305 1796 515 1858 oppresserunt,
532 1784 591 1857 qui,
607 1783 642 1840 de
665 1784 874 1840 Germanorum
899 1785 1027 1840 discessu
1049 1805 1101 1859 per
1123 1805 1171 1842 ex-

140 1875 296 1948 ploratores
321 1875 457 1932 certiores
482 1875 560 1943 lacti,
583 1874 645 1930 sine
672 1885 749 1930 metu
772 1885 849 1930 trans
876 1874 1013 1932 Rhenum
1042 1876 1072 1931 in
1100 1896 1170 1932 suos

141 1965 219 2020 vicos
233 1965 462 2038 remigraverunt.
505 1965 561 2021 His
582 1964 748 2034 intersectis,
764 1965 941 2038 navibusque
960 1984 1060 2022 eorum
1080 1985 1170 2022 occu-

140 2054 223 2127 patis,
250 2055 416 2128 priusquam
443 2073 478 2110 ea
503 2074 569 2129 pars
596 2054 807 2128 Menapiorum,
835 2041 898 2128 qriae
927 2055 999 2112 citra
1026 2056 1168 2114 Rhenum

141 2144 238 2216 quieta
262 2144 291 2200 in
315 2144 375 2200 suis
398 2145 513 2200 sedibus
533 2156 604 2214 erat,
623 2146 727 2200 certior
748 2145 838 2214 fieret,
854 2145 959 2202 flumen
981 2147 1166 2217 transierunt,

142 2246 227 2307 atque
253 2234 386 2290 omnibus
420 2253 518 2290 eorum
546 2235 674 2290 aediliciis
701 2236 860 2310 occupatis,
889 2236 1029 2310 reliquam
1054 2249 1167 2312 partem

141 2323 244 2382 hiemis
265 2343 295 2380 se
316 2342 413 2380 eorum
436 2325 526 2399 copiis
548 2325 686 2382 aluerunt.

181 2415 217 2472 V.
247 2415 301 2472 His
315 2415 350 2472 de
365 2417 449 2472 rebus
464 2415 560 2472 Caesar
585 2417 691 2472 certior
717 2416 819 2486 factus,
834 2428 863 2474 et
884 2417 1077 2474 infirmitatem
1098 2419 1168 2475 Gal-

141 2504 232 2564 lorum
248 2508 362 2578 veritus,
378 2506 454 2582 qudd
470 2518 536 2563 sunt
551 2506 580 2562 in
595 2507 722 2562 consiliis
737 2507 885 2581 capiendis
898 2509 1028 2578 mobiles,
1043 2521 1071 2566 et
1084 2510 1167 2568 novis

140 2600 308 2676 plerumque
323 2601 407 2658 rebus
428 2601 551 2669 student,
568 2600 638 2655 nihil
661 2599 705 2656 his
726 2599 963 2656 committendum
985 2601 1164 2659 existimavit.

142 2689 194 2747 Est
208 2707 301 2748 autem
317 2693 372 2748 hoc
386 2693 504 2748 Gallicae
524 2690 749 2759 consuetudinis,
764 2688 806 2746 uti
828 2702 857 2747 et
877 2691 1008 2761 viatores,
1023 2692 1109 2748 etiarn
1125 2693 1167 2748 in-

141 2781 223 2847 vitos
238 2783 393 2838 consistere
408 2793 527 2858 cogant;
549 2792 587 2850 et,
603 2780 679 2853 quod
694 2781 814 2854 quisque
829 2800 928 2836 eorum
950 2781 986 2838 de
1007 2783 1121 2856 quelque
1135 2802 1166 2840 re

143 2871 265 2926 audierit
292 2883 339 2926 aut
367 2873 542 2944 cognoverit,
570 2881 707 2943 querant,
736 2881 764 2927 et
791 2883 964 2928 mercatores
991 2872 1021 2928 in
1055 2875 1165 2948 oppidis
1219 2909 1223 2916 ·

142 2961 243 3034 vulgus
264 2959 464 3029 circumsistat,
478 2961 637 3033 quibusque
658 2978 692 3016 ex
713 2961 878 3036 regionibus
898 2963 1024 3032 veniant,
1039 2983 1165 3037 quasque

142 3049 181 3104 ibi
199 3069 242 3104 res
257 3049 452 3123 cognoverint,
466 3052 657 3123 pronunciare
672 3063 784 3125 cogant.
827 3051 883 3108 His
897 3053 1060 3110 rumoribus
1082 3064 1165 3127 atque
1189 3101 1192 3109 .

141 3139 336 3196 auditionibus
359 3140 489 3212 permoti,
515 3141 550 3196 de
574 3141 692 3196 summis
714 3159 788 3215 saepe
808 3142 893 3198 rebus
914 3143 1035 3199 consilia
1056 3143 1164 3214 ineunt,

142 3249 262 3302 quornm
285 3248 333 3286 eos
356 3248 371 3285 e
399 3231 518 3305 vestigio
543 3231 682 3304 poenitere
709 3250 828 3288 necesse
855 3243 907 3302 est,
933 3252 1022 3306 quum
1050 3234 1164 3290 incertis

142 3320 304 3376 rumoribus
331 3320 463 3390 serviant,
491 3333 519 3377 et
545 3321 674 3396 plerique
703 3323 738 3378 ad
764 3323 939 3380 voluntatem
967 3343 1066 3382 eorum
1100 3326 1164 3382 licta

142 3410 339 3484 respondeant.

182 3501 232 3558 Vl.
260 3501 330 3560 Qua
357 3502 564 3557 consuetudine
592 3501 718 3574 cognita,
747 3503 854 3572 Caesar,
882 3522 919 3559 ne
946 3503 1070 3580 graviori
1091 3504 1164 3562 bello

142 3604 315 3660 occurreret,
331 3591 478 3660 maturius,
494 3592 579 3664 qnam
597 3591 760 3662 consuerat,
777 3593 811 3648 ad
832 3594 990 3650 exercitum
1011 3595 1163 3668 proficisci-

142 3695 195 3741 tur.
239 3683 282 3740 Ed
297 3703 384 3757 quum
399 3683 530 3752 venisset,
546 3701 589 3750 ea,
604 3699 667 3754 quae
683 3682 741 3738 fore
752 3683 914 3756 suspicatus
927 3695 998 3754 erat,
1011 3685 1087 3742 facta
1101 3705 1163 3762 cog·

142 3775 230 3843 novit,
245 3775 345 3831 missas
368 3773 525 3848 legationes
547 3773 582 3828 ab
605 3772 751 3828 nonnullis
765 3773 929 3830 civitatibus
947 3775 982 3830 ad
995 3775 1161 3848 Germanos,

144 3861 333 3937 invitatusque
354 3882 413 3932 eos,
438 3861 479 3920 uti
506 3864 541 3918 ab
564 3861 674 3918 Rheno
693 3861 890 3932 discederent3
918 3865 1081 3940 omniaque,
1104 3884 1161 3942 qua

11 4183 13 4245 l
36 4173 173 4246 Α
