<?xml version="1.0" encoding="UTF-8"?>
<!DOCTYPE html PUBLIC "-//W3C//DTD XHTML 1.0 Transitional//EN"
    "http://www.w3.org/TR/xhtml1/DTD/xhtml1-transitional.dtd">
<html xmlns="http://www.w3.org/1999/xhtml" xml:lang="en" lang="en">
 <head>
  <title>
</title>
<meta http-equiv="Content-Type" content="text/html;charset=utf-8" />
  <meta name='ocr-system' content='tesseract 3.04.00' />
  <meta name='ocr-capabilities' content='ocr_page ocr_carea ocr_par ocr_line ocrx_word'/>
</head>
<body>
  <div class='ocr_page' id='page_1' title='image "./cjuliuscaesarsc00caesgoog_0064.png"; bbox 0 0 2578 4270; ppageno 0'>
   <div class='ocr_carea' id='block_1_1' title="bbox 137 224 1189 294">
    <p class='ocr_par' dir='ltr' id='par_1_1' title="bbox 137 224 1189 294">
     <span class='ocr_line' id='line_1_1' title="bbox 137 224 1189 294; baseline -0.006 -16"><span class='ocrx_word' id='word_1_1' title='bbox 137 229 179 294; x_wconf 71' lang='lat' dir='ltr'>m</span> <span class='ocrx_word' id='word_1_2' title='bbox 401 249 404 256; x_wconf 93' lang='lat'>·</span> <span class='ocrx_word' id='word_1_3' title='bbox 465 225 514 276; x_wconf 76' lang='lat' dir='ltr'>ue</span> <span class='ocrx_word' id='word_1_4' title='bbox 536 224 653 276; x_wconf 77' lang='lat' dir='ltr'>senno</span> <span class='ocrx_word' id='word_1_5' title='bbox 677 225 838 276; x_wconf 75' lang='lat' dir='ltr'>cantico</span> <span class='ocrx_word' id='word_1_6' title='bbox 976 225 1058 290; x_wconf 68' lang='lat' dir='ltr'>[cn.</span> <span class='ocrx_word' id='word_1_7' title='bbox 1076 225 1189 273; x_wconf 74' lang='lat' dir='ltr'>ie-so.</span> 
     </span>
    </p>
   </div>
   <div class='ocr_carea' id='block_1_2' title="bbox 137 367 1279 1534">
    <p class='ocr_par' dir='ltr' id='par_1_2' title="bbox 137 367 1279 1534">
     <span class='ocr_line' id='line_1_2' title="bbox 139 367 1187 446; baseline -0.01 -14"><span class='ocrx_word' id='word_1_8' title='bbox 139 371 285 432; x_wconf 86' lang='lat' dir='ltr'>hominem</span> <span class='ocrx_word' id='word_1_9' title='bbox 298 379 327 428; x_wconf 91' lang='lat' dir='ltr'>et</span> <span class='ocrx_word' id='word_1_10' title='bbox 342 367 478 428; x_wconf 84' lang='lat' dir='ltr'>callidum</span> <span class='ocrx_word' id='word_1_11' title='bbox 493 367 610 446; x_wconf 85' lang='lat' dir='ltr'>delegit,</span> <span class='ocrx_word' id='word_1_12' title='bbox 624 367 752 439; x_wconf 84' lang='lat' dir='ltr'>Gallum,</span> <span class='ocrx_word' id='word_1_13' title='bbox 766 387 803 425; x_wconf 89' lang='lat' dir='ltr'>ex</span> <span class='ocrx_word' id='word_1_14' title='bbox 815 369 869 440; x_wconf 87' lang='lat' dir='ltr'>his,</span> <span class='ocrx_word' id='word_1_15' title='bbox 882 387 955 444; x_wconf 88' lang='lat' dir='ltr'>quos</span> <span class='ocrx_word' id='word_1_16' title='bbox 970 368 1074 424; x_wconf 83' lang='lat' dir='ltr'>auxilii</span> <span class='ocrx_word' id='word_1_17' title='bbox 1090 367 1187 423; x_wconf 69' lang='lat' dir='ltr'>causi</span> 
     </span>
     <span class='ocr_line' id='line_1_3' title="bbox 140 460 1187 536; baseline -0.007 -14"><span class='ocrx_word' id='word_1_18' title='bbox 140 481 237 522; x_wconf 81' lang='lat' dir='ltr'>secum</span> <span class='ocrx_word' id='word_1_19' title='bbox 254 462 383 518; x_wconf 76' lang='lat' dir='ltr'>habebat.</span> <span class='ocrx_word' id='word_1_20' title='bbox 427 461 506 516; x_wconf 87' lang='lat' dir='ltr'>Huic</span> <span class='ocrx_word' id='word_1_21' title='bbox 521 461 633 536; x_wconf 84' lang='lat' dir='ltr'>magnis</span> <span class='ocrx_word' id='word_1_22' title='bbox 645 460 771 534; x_wconf 81' lang='lat' dir='ltr'>praemiis</span> <span class='ocrx_word' id='word_1_23' title='bbox 782 461 1105 534; x_wconf 78' lang='lat' dir='ltr'>pollicitationibusque</span> <span class='ocrx_word' id='word_1_24' title='bbox 1118 477 1187 532; x_wconf 89' lang='lat' dir='ltr'>per·</span> 
     </span>
     <span class='ocr_line' id='line_1_4' title="bbox 140 549 1184 624; baseline -0.005 -14"><span class='ocrx_word' id='word_1_25' title='bbox 140 554 249 624; x_wconf 79' lang='lat' dir='ltr'>suadet,</span> <span class='ocrx_word' id='word_1_26' title='bbox 265 551 305 609; x_wconf 87' lang='lat' dir='ltr'>uti</span> <span class='ocrx_word' id='word_1_27' title='bbox 322 553 357 608; x_wconf 83' lang='lat' dir='ltr'>ad</span> <span class='ocrx_word' id='word_1_28' title='bbox 372 552 468 608; x_wconf 86' lang='lat' dir='ltr'>hostes</span> <span class='ocrx_word' id='word_1_29' title='bbox 481 562 606 608; x_wconf 85' lang='lat' dir='ltr'>trauseat</span> <span class='ocrx_word' id='word_1_30' title='bbox 615 571 622 620; x_wconf 90' lang='lat'>;</span> <span class='ocrx_word' id='word_1_31' title='bbox 644 563 683 622; x_wconf 89' lang='lat' dir='ltr'>et,</span> <span class='ocrx_word' id='word_1_32' title='bbox 698 551 768 624; x_wconf 92' lang='lat' dir='ltr'>quid</span> <span class='ocrx_word' id='word_1_33' title='bbox 787 552 849 607; x_wconf 86' lang='lat' dir='ltr'>lieri</span> <span class='ocrx_word' id='word_1_34' title='bbox 863 552 940 622; x_wconf 83' lang='lat' dir='ltr'>velit,</span> <span class='ocrx_word' id='word_1_35' title='bbox 955 552 1071 607; x_wconf 80' lang='lat' dir='ltr'><strong>edocet.</strong></span> <span class='ocrx_word' id='word_1_36' title='bbox 1116 549 1184 610; x_wconf 80' lang='lat' dir='ltr'>Qui</span> 
     </span>
     <span class='ocr_line' id='line_1_5' title="bbox 140 643 1181 720; baseline -0.002 -20"><span class='ocrx_word' id='word_1_37' title='bbox 140 646 188 700; x_wconf 92' lang='lat' dir='ltr'>ubi</span> <span class='ocrx_word' id='word_1_38' title='bbox 204 663 255 720; x_wconf 92' lang='lat' dir='ltr'>pro</span> <span class='ocrx_word' id='word_1_39' title='bbox 275 644 394 720; x_wconf 66' lang='lat' dir='ltr'>perfugi</span> <span class='ocrx_word' id='word_1_40' title='bbox 416 643 451 698; x_wconf 88' lang='lat' dir='ltr'>ad</span> <span class='ocrx_word' id='word_1_41' title='bbox 472 661 522 700; x_wconf 87' lang='lat' dir='ltr'>eos</span> <span class='ocrx_word' id='word_1_42' title='bbox 542 643 629 712; x_wconf 88' lang='lat' dir='ltr'>veuit,</span> <span class='ocrx_word' id='word_1_43' title='bbox 644 643 776 698; x_wconf 89' lang='lat' dir='ltr'>timorem</span> <span class='ocrx_word' id='word_1_44' title='bbox 798 643 999 698; x_wconf 86' lang='lat' dir='ltr'>Romanorum</span> <span class='ocrx_word' id='word_1_45' title='bbox 1020 643 1181 716; x_wconf 88' lang='lat' dir='ltr'>proponit;</span> 
     </span>
     <span class='ocr_line' id='line_1_6' title="bbox 140 733 1180 811; baseline -0.003 -19"><span class='ocrx_word' id='word_1_46' title='bbox 140 737 264 810; x_wconf 87' lang='lat' dir='ltr'>‘quibus</span> <span class='ocrx_word' id='word_1_47' title='bbox 292 734 431 811; x_wconf 86' lang='lat' dir='ltr'>angustiis</span> <span class='ocrx_word' id='word_1_48' title='bbox 459 734 519 809; x_wconf 88' lang='lat' dir='ltr'>ipse</span> <span class='ocrx_word' id='word_1_49' title='bbox 553 733 650 790; x_wconf 85' lang='lat' dir='ltr'>Caesar</span> <span class='ocrx_word' id='word_1_50' title='bbox 679 752 696 789; x_wconf 88' lang='lat' dir='ltr'>a</span> <span class='ocrx_word' id='word_1_51' title='bbox 722 733 844 790; x_wconf 88' lang='lat' dir='ltr'>Venetis</span> <span class='ocrx_word' id='word_1_52' title='bbox 870 735 1037 808; x_wconf 85' lang='lat' dir='ltr'>prematur‚&#39;</span> <span class='ocrx_word' id='word_1_53' title='bbox 1074 734 1180 789; x_wconf 85' lang='lat' dir='ltr'>docet:</span> 
     </span>
     <span class='ocr_line' id='line_1_7' title="bbox 140 823 1181 902; baseline -0.002 -20"><span class='ocrx_word' id='word_1_54' title='bbox 140 833 254 900; x_wconf 81' lang='lat' dir='ltr'>‘neque</span> <span class='ocrx_word' id='word_1_55' title='bbox 274 824 389 902; x_wconf 78' lang='lat' dir='ltr'>longuis</span> <span class='ocrx_word' id='word_1_56' title='bbox 411 826 520 894; x_wconf 87' lang='lat' dir='ltr'>abesse,</span> <span class='ocrx_word' id='word_1_57' title='bbox 536 825 606 898; x_wconf 89' lang='lat' dir='ltr'>quin</span> <span class='ocrx_word' id='word_1_58' title='bbox 627 824 758 899; x_wconf 67' lang='lat' dir='ltr'>proximi</span> <span class='ocrx_word' id='word_1_59' title='bbox 779 835 865 881; x_wconf 88' lang='lat' dir='ltr'>nocte</span> <span class='ocrx_word' id='word_1_60' title='bbox 890 825 1017 880; x_wconf 86' lang='lat' dir='ltr'>Sabinus</span> <span class='ocrx_word' id='word_1_61' title='bbox 1041 823 1122 880; x_wconf 75' lang='lat' dir='ltr'>claim</span> <span class='ocrx_word' id='word_1_62' title='bbox 1144 843 1181 880; x_wconf 80' lang='lat' dir='ltr'>ex</span> 
     </span>
     <span class='ocr_line' id='line_1_8' title="bbox 140 914 1180 985; baseline -0.004 -11"><span class='ocrx_word' id='word_1_63' title='bbox 140 917 241 974; x_wconf 85' lang='lat' dir='ltr'>castris</span> <span class='ocrx_word' id='word_1_64' title='bbox 254 917 412 974; x_wconf 80' lang='lat' dir='ltr'>exercitum</span> <span class='ocrx_word' id='word_1_65' title='bbox 426 916 541 985; x_wconf 81' lang='lat' dir='ltr'>educet,</span> <span class='ocrx_word' id='word_1_66' title='bbox 556 927 585 972; x_wconf 91' lang='lat' dir='ltr'>et</span> <span class='ocrx_word' id='word_1_67' title='bbox 606 914 641 971; x_wconf 83' lang='lat' dir='ltr'>ad</span> <span class='ocrx_word' id='word_1_68' title='bbox 662 915 807 972; x_wconf 76' lang='lat' dir='ltr'>Cesarem</span> <span class='ocrx_word' id='word_1_69' title='bbox 830 915 928 971; x_wconf 79' lang='lat' dir='ltr'>auxilii</span> <span class='ocrx_word' id='word_1_70' title='bbox 949 915 1062 971; x_wconf 89' lang='lat' dir='ltr'>ferendi</span> <span class='ocrx_word' id='word_1_71' title='bbox 1088 917 1180 970; x_wconf 75' lang='lat' dir='ltr'>causa</span> 
     </span>
     <span class='ocr_line' id='line_1_9' title="bbox 138 1005 1279 1084; baseline -0.003 -20"><span class='ocrx_word' id='word_1_72' title='bbox 138 1008 354 1084; x_wconf 72' lang='lat' dir='ltr'>proficiscatur!</span> <span class='ocrx_word' id='word_1_73' title='bbox 394 1007 485 1068; x_wconf 82' lang='lat' dir='ltr'>Quod</span> <span class='ocrx_word' id='word_1_74' title='bbox 500 1006 549 1062; x_wconf 89' lang='lat' dir='ltr'>ubi</span> <span class='ocrx_word' id='word_1_75' title='bbox 565 1005 694 1062; x_wconf 85' lang='lat' dir='ltr'>auditum</span> <span class='ocrx_word' id='word_1_76' title='bbox 708 1015 761 1076; x_wconf 83' lang='lat' dir='ltr'>est,</span> <span class='ocrx_word' id='word_1_77' title='bbox 777 1006 1078 1062; x_wconf 86' lang='lat' dir='ltr'>conclamantomnes</span> <span class='ocrx_word' id='word_1_78' title='bbox 1093 1024 1181 1062; x_wconf 81' lang='lat' dir='ltr'>occa-</span> <span class='ocrx_word' id='word_1_79' title='bbox 1278 1039 1279 1080; x_wconf 68' lang='lat'>3</span> 
     </span>
     <span class='ocr_line' id='line_1_10' title="bbox 139 1089 1279 1174; baseline -0.004 -18"><span class='ocrx_word' id='word_1_80' title='bbox 139 1098 249 1156; x_wconf 81' lang='lat' dir='ltr'>sionem</span> <span class='ocrx_word' id='word_1_81' title='bbox 264 1097 371 1174; x_wconf 88' lang='lat' dir='ltr'>negotii</span> <span class='ocrx_word' id='word_1_82' title='bbox 387 1099 460 1154; x_wconf 88' lang='lat' dir='ltr'>bene</span> <span class='ocrx_word' id='word_1_83' title='bbox 474 1097 593 1174; x_wconf 88' lang='lat' dir='ltr'>gerendi</span> <span class='ocrx_word' id='word_1_84' title='bbox 609 1097 795 1154; x_wconf 86' lang='lat' dir='ltr'>amittendam</span> <span class='ocrx_word' id='word_1_85' title='bbox 808 1116 867 1153; x_wconf 92' lang='lat' dir='ltr'>nou</span> <span class='ocrx_word' id='word_1_86' title='bbox 888 1115 961 1167; x_wconf 83' lang='lat' dir='ltr'>esse,</span> <span class='ocrx_word' id='word_1_87' title='bbox 977 1097 1011 1152; x_wconf 88' lang='lat' dir='ltr'>ad</span> <span class='ocrx_word' id='word_1_88' title='bbox 1028 1107 1128 1152; x_wconf 87' lang='lat' dir='ltr'>castra</span> <span class='ocrx_word' id='word_1_89' title='bbox 1143 1097 1180 1152; x_wconf 86' lang='lat' dir='ltr'>iri</span> <span class='ocrx_word' id='word_1_90' title='bbox 1278 1089 1279 1100; x_wconf 48' lang='lat'>¹</span> 
     </span>
     <span class='ocr_line' id='line_1_11' title="bbox 138 1187 1178 1262; baseline 0.002 -20"><span class='ocrx_word' id='word_1_91' title='bbox 138 1201 277 1262; x_wconf 82' lang='lat' dir='ltr'>oportere</span> <span class='ocrx_word' id='word_1_92' title='bbox 320 1187 420 1244; x_wconf 83' lang='lat' dir='ltr'>Multae</span> <span class='ocrx_word' id='word_1_93' title='bbox 448 1206 493 1244; x_wconf 88' lang='lat' dir='ltr'>res</span> <span class='ocrx_word' id='word_1_94' title='bbox 521 1188 557 1244; x_wconf 80' lang='lat' dir='ltr'>sd</span> <span class='ocrx_word' id='word_1_95' title='bbox 584 1188 640 1244; x_wconf 88' lang='lat' dir='ltr'>hoc</span> <span class='ocrx_word' id='word_1_96' title='bbox 667 1188 827 1254; x_wconf 54' lang='lat' dir='ltr'>consitium,</span> <span class='ocrx_word' id='word_1_97' title='bbox 842 1188 943 1244; x_wconf 86' lang='lat' dir='ltr'>Gallos</span> <span class='ocrx_word' id='word_1_98' title='bbox 964 1188 1178 1244; x_wconf 87' lang='lat' dir='ltr'>hortabantur:</span> 
     </span>
     <span class='ocr_line' id='line_1_12' title="bbox 137 1278 1178 1354; baseline 0 -20"><span class='ocrx_word' id='word_1_99' title='bbox 137 1279 316 1352; x_wconf 76' lang='lat' dir='ltr'>superiorum</span> <span class='ocrx_word' id='word_1_100' title='bbox 344 1278 455 1334; x_wconf 89' lang='lat' dir='ltr'>dierum</span> <span class='ocrx_word' id='word_1_101' title='bbox 488 1279 589 1334; x_wconf 88' lang='lat' dir='ltr'>Sabini</span> <span class='ocrx_word' id='word_1_102' title='bbox 624 1279 782 1348; x_wconf 86' lang='lat' dir='ltr'>cunctatio,</span> <span class='ocrx_word' id='word_1_103' title='bbox 816 1279 943 1354; x_wconf 86' lang='lat' dir='ltr'>perlugae</span> <span class='ocrx_word' id='word_1_104' title='bbox 978 1279 1178 1348; x_wconf 83' lang='lat' dir='ltr'>confirmatio,</span> 
     </span>
     <span class='ocr_line' id='line_1_13' title="bbox 139 1367 1176 1444; baseline 0 -20"><span class='ocrx_word' id='word_1_105' title='bbox 139 1367 235 1442; x_wconf 88' lang='lat' dir='ltr'>inopia</span> <span class='ocrx_word' id='word_1_106' title='bbox 249 1369 432 1436; x_wconf 81' lang='lat' dir='ltr'>cibariorum,</span> <span class='ocrx_word' id='word_1_107' title='bbox 444 1367 492 1424; x_wconf 88' lang='lat' dir='ltr'>cui</span> <span class='ocrx_word' id='word_1_108' title='bbox 507 1369 547 1424; x_wconf 92' lang='lat' dir='ltr'>rei</span> <span class='ocrx_word' id='word_1_109' title='bbox 559 1387 660 1443; x_wconf 86' lang='lat' dir='ltr'>parum</span> <span class='ocrx_word' id='word_1_110' title='bbox 675 1369 828 1444; x_wconf 79' lang='lat' dir='ltr'>diligenter</span> <span class='ocrx_word' id='word_1_111' title='bbox 843 1369 878 1426; x_wconf 88' lang='lat' dir='ltr'>ab</span> <span class='ocrx_word' id='word_1_112' title='bbox 893 1369 928 1424; x_wconf 89' lang='lat' dir='ltr'>iis</span> <span class='ocrx_word' id='word_1_113' title='bbox 942 1379 1004 1425; x_wconf 86' lang='lat' dir='ltr'>erat</span> <span class='ocrx_word' id='word_1_114' title='bbox 1013 1369 1176 1444; x_wconf 86' lang='lat' dir='ltr'>provisum,</span> 
     </span>
     <span class='ocr_line' id='line_1_14' title="bbox 138 1457 1176 1534; baseline -0.001 -18"><span class='ocrx_word' id='word_1_115' title='bbox 138 1477 203 1534; x_wconf 77' lang='lat' dir='ltr'>spes</span> <span class='ocrx_word' id='word_1_116' title='bbox 229 1459 360 1516; x_wconf 81' lang='lat' dir='ltr'>Venetici</span> <span class='ocrx_word' id='word_1_117' title='bbox 387 1459 463 1528; x_wconf 88' lang='lat' dir='ltr'>belli,</span> <span class='ocrx_word' id='word_1_118' title='bbox 491 1470 520 1516; x_wconf 91' lang='lat' dir='ltr'>et</span> <span class='ocrx_word' id='word_1_119' title='bbox 544 1457 621 1532; x_wconf 81' lang='lat' dir='ltr'>qudd</span> <span class='ocrx_word' id='word_1_120' title='bbox 645 1457 704 1515; x_wconf 77' lang='lat' dir='ltr'>sere</span> <span class='ocrx_word' id='word_1_121' title='bbox 729 1459 851 1515; x_wconf 85' lang='lat' dir='ltr'>libenter</span> <span class='ocrx_word' id='word_1_122' title='bbox 873 1459 1004 1516; x_wconf 89' lang='lat' dir='ltr'>homines</span> <span class='ocrx_word' id='word_1_123' title='bbox 1029 1460 1070 1529; x_wconf 92' lang='lat' dir='ltr'>id,</span> <span class='ocrx_word' id='word_1_124' title='bbox 1097 1459 1176 1533; x_wconf 91' lang='lat' dir='ltr'>quod</span> 
     </span>
    </p>
   </div>
   <div class='ocr_carea' id='block_1_3' title="bbox 137 1549 1272 1624">
    <p class='ocr_par' dir='ltr' id='par_1_3' title="bbox 137 1549 1272 1624">
     <span class='ocr_line' id='line_1_15' title="bbox 137 1549 1272 1624; baseline 0 -18"><span class='ocrx_word' id='word_1_125' title='bbox 137 1551 246 1622; x_wconf 80' lang='lat' dir='ltr'>volunt,</span> <span class='ocrx_word' id='word_1_126' title='bbox 268 1551 398 1608; x_wconf 89' lang='lat' dir='ltr'>credunt.</span> <span class='ocrx_word' id='word_1_127' title='bbox 441 1549 497 1606; x_wconf 85' lang='lat' dir='ltr'>His</span> <span class='ocrx_word' id='word_1_128' title='bbox 520 1550 606 1606; x_wconf 87' lang='lat' dir='ltr'>rebus</span> <span class='ocrx_word' id='word_1_129' title='bbox 634 1550 762 1620; x_wconf 88' lang='lat' dir='ltr'>adducti,</span> <span class='ocrx_word' id='word_1_130' title='bbox 784 1569 842 1606; x_wconf 90' lang='lat' dir='ltr'>uon</span> <span class='ocrx_word' id='word_1_131' title='bbox 869 1549 950 1624; x_wconf 77' lang='lat' dir='ltr'>priris</span> <span class='ocrx_word' id='word_1_132' title='bbox 971 1550 1174 1606; x_wconf 82' lang='lat' dir='ltr'>Viridovicem</span> <span class='ocrx_word' id='word_1_133' title='bbox 1268 1608 1272 1613; x_wconf 73' lang='grc'><strong>,</strong></span> 
     </span>
    </p>
   </div>
   <div class='ocr_carea' id='block_1_4' title="bbox 134 1640 1258 3892">
    <p class='ocr_par' dir='ltr' id='par_1_4' title="bbox 137 1640 1175 1992">
     <span class='ocr_line' id='line_1_16' title="bbox 137 1640 1175 1718; baseline -0.002 -20"><span class='ocrx_word' id='word_1_134' title='bbox 137 1643 319 1718; x_wconf 89' lang='lat' dir='ltr'>reliquosque</span> <span class='ocrx_word' id='word_1_135' title='bbox 333 1643 422 1700; x_wconf 85' lang='lat' dir='ltr'>duces</span> <span class='ocrx_word' id='word_1_136' title='bbox 436 1659 471 1698; x_wconf 84' lang='lat' dir='ltr'>ex</span> <span class='ocrx_word' id='word_1_137' title='bbox 492 1641 619 1698; x_wconf 87' lang='lat' dir='ltr'>concilio</span> <span class='ocrx_word' id='word_1_138' title='bbox 639 1641 797 1710; x_wconf 90' lang='lat' dir='ltr'>dimittunt,</span> <span class='ocrx_word' id='word_1_139' title='bbox 812 1640 899 1715; x_wconf 76' lang='lat' dir='ltr'>qudm</span> <span class='ocrx_word' id='word_1_140' title='bbox 922 1641 957 1697; x_wconf 91' lang='lat' dir='ltr'>ab</span> <span class='ocrx_word' id='word_1_141' title='bbox 978 1641 1023 1697; x_wconf 86' lang='lat' dir='ltr'>his</span> <span class='ocrx_word' id='word_1_142' title='bbox 1045 1641 1084 1698; x_wconf 89' lang='lat' dir='ltr'>sit</span> <span class='ocrx_word' id='word_1_143' title='bbox 1105 1660 1175 1697; x_wconf 92' lang='lat' dir='ltr'>con-</span> 
     </span>
     <span class='ocr_line' id='line_1_17' title="bbox 138 1731 1174 1809; baseline -0.002 -19"><span class='ocrx_word' id='word_1_144' title='bbox 138 1751 261 1804; x_wconf 74' lang='lat' dir='ltr'>cessum,</span> <span class='ocrx_word' id='word_1_145' title='bbox 278 1754 356 1792; x_wconf 85' lang='lat' dir='ltr'>arma</span> <span class='ocrx_word' id='word_1_146' title='bbox 380 1734 419 1790; x_wconf 92' lang='lat' dir='ltr'>uti</span> <span class='ocrx_word' id='word_1_147' title='bbox 446 1734 571 1809; x_wconf 87' lang='lat' dir='ltr'>capiant,</span> <span class='ocrx_word' id='word_1_148' title='bbox 593 1743 622 1789; x_wconf 90' lang='lat' dir='ltr'>et</span> <span class='ocrx_word' id='word_1_149' title='bbox 646 1732 681 1788; x_wconf 80' lang='lat' dir='ltr'>ed</span> <span class='ocrx_word' id='word_1_150' title='bbox 704 1747 798 1788; x_wconf 86' lang='lat' dir='ltr'>castra</span> <span class='ocrx_word' id='word_1_151' title='bbox 819 1731 1004 1789; x_wconf 87' lang='lat' dir='ltr'>contendant.</span> <span class='ocrx_word' id='word_1_152' title='bbox 1045 1733 1174 1793; x_wconf 75' lang='lat' dir='ltr'>Quare</span> 
     </span>
     <span class='ocr_line' id='line_1_18' title="bbox 138 1823 1174 1900; baseline -0.002 -18"><span class='ocrx_word' id='word_1_153' title='bbox 138 1829 287 1892; x_wconf 73' lang='lat' dir='ltr'>cirneeasti,</span> <span class='ocrx_word' id='word_1_154' title='bbox 303 1828 369 1894; x_wconf 75' lang='lat' dir='ltr'>laeti,</span> <span class='ocrx_word' id='word_1_155' title='bbox 386 1839 416 1882; x_wconf 92' lang='lat' dir='ltr'>ut</span> <span class='ocrx_word' id='word_1_156' title='bbox 429 1826 575 1900; x_wconf 86' lang='lat' dir='ltr'>explorata</span> <span class='ocrx_word' id='word_1_157' title='bbox 588 1824 718 1894; x_wconf 82' lang='lat' dir='ltr'>victoria,</span> <span class='ocrx_word' id='word_1_158' title='bbox 733 1824 884 1880; x_wconf 80' lang='lat' dir='ltr'>sarmentis</span> <span class='ocrx_word' id='word_1_159' title='bbox 906 1823 1095 1900; x_wconf 85' lang='lat' dir='ltr'>virgultisque</span> <span class='ocrx_word' id='word_1_160' title='bbox 1114 1824 1174 1880; x_wconf 87' lang='lat' dir='ltr'>eol·</span> 
     </span>
     <span class='ocr_line' id='line_1_19' title="bbox 137 1913 1171 1992; baseline 0.003 -22"><span class='ocrx_word' id='word_1_161' title='bbox 137 1913 230 1980; x_wconf 77' lang='lat' dir='ltr'>lectis,</span> <span class='ocrx_word' id='word_1_162' title='bbox 245 1917 349 1988; x_wconf 85' lang='lat' dir='ltr'>quibus</span> <span class='ocrx_word' id='word_1_163' title='bbox 364 1916 452 1972; x_wconf 79' lang='lat' dir='ltr'>fossas</span> <span class='ocrx_word' id='word_1_164' title='bbox 468 1915 667 1972; x_wconf 80' lang='lat' dir='ltr'>Romanorum</span> <span class='ocrx_word' id='word_1_165' title='bbox 677 1915 854 1992; x_wconf 66' lang='lat' dir='ltr'>eompleant,</span> <span class='ocrx_word' id='word_1_166' title='bbox 871 1914 906 1970; x_wconf 89' lang='lat' dir='ltr'>ad</span> <span class='ocrx_word' id='word_1_167' title='bbox 921 1927 1015 1971; x_wconf 86' lang='lat' dir='ltr'>castra</span> <span class='ocrx_word' id='word_1_168' title='bbox 1034 1926 1171 1991; x_wconf 88' lang='lat' dir='ltr'>pergunt.</span> 
     </span>
    </p>

    <p class='ocr_par' dir='ltr' id='par_1_5' title="bbox 134 2003 1258 3528">
     <span class='ocr_line' id='line_1_20' title="bbox 177 2003 1172 2080; baseline 0.003 -21"><span class='ocrx_word' id='word_1_169' title='bbox 177 2003 261 2061; x_wconf 89' lang='grc' dir='ltr'><strong>ΧΙΧ.</strong></span> <span class='ocrx_word' id='word_1_170' title='bbox 294 2005 387 2062; x_wconf 82' lang='lat' dir='ltr'>Locus</span> <span class='ocrx_word' id='word_1_171' title='bbox 413 2019 474 2062; x_wconf 88' lang='lat' dir='ltr'>erat</span> <span class='ocrx_word' id='word_1_172' title='bbox 502 2019 660 2063; x_wconf 84' lang='lat' dir='ltr'>castrorum</span> <span class='ocrx_word' id='word_1_173' title='bbox 688 2007 792 2076; x_wconf 88' lang='lat' dir='ltr'>editus,</span> <span class='ocrx_word' id='word_1_174' title='bbox 820 2017 849 2062; x_wconf 89' lang='lat' dir='ltr'>et</span> <span class='ocrx_word' id='word_1_175' title='bbox 878 2007 1017 2080; x_wconf 87' lang='lat' dir='ltr'>paulatim</span> <span class='ocrx_word' id='word_1_176' title='bbox 1046 2008 1082 2062; x_wconf 85' lang='lat' dir='ltr'>ab</span> <span class='ocrx_word' id='word_1_177' title='bbox 1110 2007 1172 2063; x_wconf 90' lang='lat' dir='ltr'>imo</span> 
     </span>
     <span class='ocr_line' id='line_1_21' title="bbox 139 2095 1170 2173; baseline 0.004 -23"><span class='ocrx_word' id='word_1_178' title='bbox 139 2096 255 2150; x_wconf 87' lang='lat' dir='ltr'>acclivis</span> <span class='ocrx_word' id='word_1_179' title='bbox 269 2095 385 2150; x_wconf 88' lang='lat' dir='ltr'>circiter</span> <span class='ocrx_word' id='word_1_180' title='bbox 399 2115 499 2170; x_wconf 83' lang='lat' dir='ltr'>passus</span> <span class='ocrx_word' id='word_1_181' title='bbox 513 2099 600 2154; x_wconf 92' lang='lat' dir='ltr'>mille.</span> <span class='ocrx_word' id='word_1_182' title='bbox 643 2097 711 2154; x_wconf 88' lang='lat' dir='ltr'>Huc</span> <span class='ocrx_word' id='word_1_183' title='bbox 725 2116 830 2173; x_wconf 90' lang='lat' dir='ltr'>magno</span> <span class='ocrx_word' id='word_1_184' title='bbox 844 2116 931 2153; x_wconf 88' lang='lat' dir='ltr'>cursu</span> <span class='ocrx_word' id='word_1_185' title='bbox 946 2097 1170 2168; x_wconf 86' lang='lat' dir='ltr'>contenderunt,</span> 
     </span>
     <span class='ocr_line' id='line_1_22' title="bbox 138 2185 1258 2264; baseline 0.004 -24"><span class='ocrx_word' id='word_1_186' title='bbox 138 2199 169 2242; x_wconf 92' lang='lat' dir='ltr'>ut</span> <span class='ocrx_word' id='word_1_187' title='bbox 183 2186 268 2258; x_wconf 75' lang='lat' dir='ltr'>qualm</span> <span class='ocrx_word' id='word_1_188' title='bbox 293 2185 442 2241; x_wconf 86' lang='lat' dir='ltr'>minimum</span> <span class='ocrx_word' id='word_1_189' title='bbox 463 2187 546 2260; x_wconf 87' lang='lat' dir='ltr'>spatii</span> <span class='ocrx_word' id='word_1_190' title='bbox 573 2188 607 2242; x_wconf 86' lang='lat' dir='ltr'>ad</span> <span class='ocrx_word' id='word_1_191' title='bbox 628 2206 659 2244; x_wconf 90' lang='lat' dir='ltr'>se</span> <span class='ocrx_word' id='word_1_192' title='bbox 680 2188 859 2264; x_wconf 85' lang='lat' dir='ltr'>colligendos</span> <span class='ocrx_word' id='word_1_193' title='bbox 880 2189 1088 2262; x_wconf 81' lang='lat' dir='ltr'>armandosque</span> <span class='ocrx_word' id='word_1_194' title='bbox 1108 2188 1171 2244; x_wconf 91' lang='lat' dir='ltr'>Ro-</span> <span class='ocrx_word' id='word_1_195' title='bbox 1254 2202 1258 2208; x_wconf 84' lang='lat'><em>·</em></span> 
     </span>
     <span class='ocr_line' id='line_1_23' title="bbox 137 2277 1170 2354; baseline 0.003 -22"><span class='ocrx_word' id='word_1_196' title='bbox 137 2278 229 2332; x_wconf 87' lang='lat' dir='ltr'>manis</span> <span class='ocrx_word' id='word_1_197' title='bbox 250 2277 374 2344; x_wconf 84' lang='lat' dir='ltr'>daretur,</span> <span class='ocrx_word' id='word_1_198' title='bbox 392 2278 604 2352; x_wconf 84' lang='lat' dir='ltr'>exanimatique</span> <span class='ocrx_word' id='word_1_199' title='bbox 624 2291 823 2354; x_wconf 87' lang='lat' dir='ltr'>pervenerunt.</span> <span class='ocrx_word' id='word_1_200' title='bbox 865 2280 1001 2349; x_wconf 87' lang='lat' dir='ltr'>Sabinus,</span> <span class='ocrx_word' id='word_1_201' title='bbox 1016 2299 1082 2335; x_wconf 90' lang='lat' dir='ltr'>suos</span> <span class='ocrx_word' id='word_1_202' title='bbox 1104 2279 1170 2335; x_wconf 88' lang='lat' dir='ltr'>bor·</span> 
     </span>
     <span class='ocr_line' id='line_1_24' title="bbox 136 2369 1167 2446; baseline 0.002 -22"><span class='ocrx_word' id='word_1_203' title='bbox 136 2377 221 2436; x_wconf 84' lang='lat' dir='ltr'>tatus,</span> <span class='ocrx_word' id='word_1_204' title='bbox 237 2369 421 2443; x_wconf 86' lang='lat' dir='ltr'>cupientibus</span> <span class='ocrx_word' id='word_1_205' title='bbox 434 2369 548 2446; x_wconf 80' lang='lat' dir='ltr'>signum</span> <span class='ocrx_word' id='word_1_206' title='bbox 568 2370 625 2427; x_wconf 92' lang='lat' dir='ltr'>dat.</span> <span class='ocrx_word' id='word_1_207' title='bbox 667 2369 816 2444; x_wconf 87' lang='lat' dir='ltr'>Impeditis</span> <span class='ocrx_word' id='word_1_208' title='bbox 836 2370 967 2426; x_wconf 88' lang='lat' dir='ltr'>hostibus</span> <span class='ocrx_word' id='word_1_209' title='bbox 986 2383 1101 2445; x_wconf 88' lang='lat' dir='ltr'>propter</span> <span class='ocrx_word' id='word_1_210' title='bbox 1120 2388 1167 2441; x_wconf 88' lang='lat' dir='ltr'>ea,</span> 
     </span>
     <span class='ocr_line' id='line_1_25' title="bbox 136 2460 1165 2536; baseline 0.004 -22"><span class='ocrx_word' id='word_1_211' title='bbox 136 2477 199 2533; x_wconf 80' lang='lat' dir='ltr'>quae</span> <span class='ocrx_word' id='word_1_212' title='bbox 215 2460 352 2530; x_wconf 81' lang='lat' dir='ltr'>serebant,</span> <span class='ocrx_word' id='word_1_213' title='bbox 363 2479 461 2532; x_wconf 87' lang='lat' dir='ltr'>onera,</span> <span class='ocrx_word' id='word_1_214' title='bbox 473 2460 568 2518; x_wconf 82' lang='lat' dir='ltr'>subitd</span> <span class='ocrx_word' id='word_1_215' title='bbox 583 2461 695 2518; x_wconf 90' lang='lat' dir='ltr'>duabus</span> <span class='ocrx_word' id='word_1_216' title='bbox 704 2462 794 2535; x_wconf 91' lang='lat' dir='ltr'>portis</span> <span class='ocrx_word' id='word_1_217' title='bbox 807 2462 987 2535; x_wconf 88' lang='lat' dir='ltr'>eruptionem</span> <span class='ocrx_word' id='word_1_218' title='bbox 1001 2461 1062 2518; x_wconf 87' lang='lat' dir='ltr'>fieri</span> <span class='ocrx_word' id='word_1_219' title='bbox 1073 2462 1165 2536; x_wconf 83' lang='lat' dir='ltr'>jubet.</span> 
     </span>
     <span class='ocr_line' id='line_1_26' title="bbox 135 2550 1167 2629; baseline -0.001 -20"><span class='ocrx_word' id='word_1_220' title='bbox 135 2550 257 2610; x_wconf 79' lang='lat' dir='ltr'>Factum</span> <span class='ocrx_word' id='word_1_221' title='bbox 272 2567 314 2610; x_wconf 89' lang='lat' dir='ltr'>est</span> <span class='ocrx_word' id='word_1_222' title='bbox 336 2553 547 2629; x_wconf 88' lang='lat' dir='ltr'>opportunitate</span> <span class='ocrx_word' id='word_1_223' title='bbox 569 2553 636 2621; x_wconf 90' lang='lat' dir='ltr'>loci,</span> <span class='ocrx_word' id='word_1_224' title='bbox 652 2552 775 2608; x_wconf 88' lang='lat' dir='ltr'>bostium</span> <span class='ocrx_word' id='word_1_225' title='bbox 797 2552 950 2608; x_wconf 74' lang='lat' dir='ltr'>inscientid</span> <span class='ocrx_word' id='word_1_226' title='bbox 974 2571 1008 2607; x_wconf 88' lang='lat' dir='ltr'>ae</span> <span class='ocrx_word' id='word_1_227' title='bbox 1029 2552 1167 2628; x_wconf 77' lang='lat' dir='ltr'>defatiga-</span> 
     </span>
     <span class='ocr_line' id='line_1_27' title="bbox 134 2643 1166 2718; baseline 0 -19"><span class='ocrx_word' id='word_1_228' title='bbox 134 2643 223 2712; x_wconf 84' lang='lat' dir='ltr'>tione,</span> <span class='ocrx_word' id='word_1_229' title='bbox 240 2647 342 2702; x_wconf 86' lang='lat' dir='ltr'>virtute</span> <span class='ocrx_word' id='word_1_230' title='bbox 364 2646 497 2715; x_wconf 86' lang='lat' dir='ltr'>militum,</span> <span class='ocrx_word' id='word_1_231' title='bbox 518 2643 697 2718; x_wconf 87' lang='lat' dir='ltr'>superiorum</span> <span class='ocrx_word' id='word_1_232' title='bbox 721 2661 882 2718; x_wconf 86' lang='lat' dir='ltr'>pugnarum</span> <span class='ocrx_word' id='word_1_233' title='bbox 903 2643 1119 2712; x_wconf 80' lang='lat' dir='ltr'>exercitatione,</span> <span class='ocrx_word' id='word_1_234' title='bbox 1134 2653 1166 2700; x_wconf 93' lang='lat' dir='ltr'>ut</span> 
     </span>
     <span class='ocr_line' id='line_1_28' title="bbox 134 2733 1166 2809; baseline 0.002 -19"><span class='ocrx_word' id='word_1_235' title='bbox 134 2751 172 2790; x_wconf 88' lang='lat' dir='ltr'>ne</span> <span class='ocrx_word' id='word_1_236' title='bbox 194 2753 282 2790; x_wconf 90' lang='lat' dir='ltr'>unum</span> <span class='ocrx_word' id='word_1_237' title='bbox 306 2736 420 2808; x_wconf 88' lang='lat' dir='ltr'>quidem</span> <span class='ocrx_word' id='word_1_238' title='bbox 445 2748 607 2792; x_wconf 89' lang='lat' dir='ltr'>nostrorum</span> <span class='ocrx_word' id='word_1_239' title='bbox 632 2733 769 2806; x_wconf 90' lang='lat' dir='ltr'>impetum</span> <span class='ocrx_word' id='word_1_240' title='bbox 795 2733 911 2802; x_wconf 82' lang='lat' dir='ltr'>ferrent,</span> <span class='ocrx_word' id='word_1_241' title='bbox 927 2734 1069 2790; x_wconf 85' lang='lat' dir='ltr'>aestatim</span> <span class='ocrx_word' id='word_1_242' title='bbox 1084 2746 1166 2809; x_wconf 82' lang='lat' dir='ltr'>terga</span> 
     </span>
     <span class='ocr_line' id='line_1_29' title="bbox 135 2823 1166 2899; baseline 0.003 -22"><span class='ocrx_word' id='word_1_243' title='bbox 135 2833 285 2878; x_wconf 86' lang='lat' dir='ltr'>verterent.</span> <span class='ocrx_word' id='word_1_244' title='bbox 326 2823 412 2884; x_wconf 81' lang='lat' dir='ltr'>Quos</span> <span class='ocrx_word' id='word_1_245' title='bbox 426 2826 577 2898; x_wconf 88' lang='lat' dir='ltr'>impeditos</span> <span class='ocrx_word' id='word_1_246' title='bbox 595 2823 714 2899; x_wconf 83' lang='lat' dir='ltr'>integris</span> <span class='ocrx_word' id='word_1_247' title='bbox 733 2824 841 2880; x_wconf 87' lang='lat' dir='ltr'>viribus</span> <span class='ocrx_word' id='word_1_248' title='bbox 861 2824 967 2881; x_wconf 89' lang='lat' dir='ltr'>milites</span> <span class='ocrx_word' id='word_1_249' title='bbox 987 2825 1075 2880; x_wconf 88' lang='lat' dir='ltr'>nostri</span> <span class='ocrx_word' id='word_1_250' title='bbox 1098 2843 1166 2880; x_wconf 88' lang='lat' dir='ltr'>con·</span> 
     </span>
     <span class='ocr_line' id='line_1_30' title="bbox 135 2913 1164 2989; baseline 0.004 -21"><span class='ocrx_word' id='word_1_251' title='bbox 135 2913 238 2976; x_wconf 81' lang='lat' dir='ltr'>secuti,</span> <span class='ocrx_word' id='word_1_252' title='bbox 253 2931 388 2986; x_wconf 87' lang='lat' dir='ltr'>magnum</span> <span class='ocrx_word' id='word_1_253' title='bbox 406 2932 557 2972; x_wconf 88' lang='lat' dir='ltr'>numerum</span> <span class='ocrx_word' id='word_1_254' title='bbox 578 2933 677 2972; x_wconf 89' lang='lat' dir='ltr'>eorum</span> <span class='ocrx_word' id='word_1_255' title='bbox 697 2915 885 2983; x_wconf 81' lang='lat' dir='ltr'>occiderunt3</span> <span class='ocrx_word' id='word_1_256' title='bbox 907 2916 1033 2988; x_wconf 88' lang='lat' dir='ltr'>reliquos</span> <span class='ocrx_word' id='word_1_257' title='bbox 1053 2916 1164 2989; x_wconf 89' lang='lat' dir='ltr'>equites</span> 
     </span>
     <span class='ocr_line' id='line_1_31' title="bbox 136 3001 1164 3081; baseline 0.006 -25"><span class='ocrx_word' id='word_1_258' title='bbox 136 3001 305 3070; x_wconf 86' lang='lat' dir='ltr'>consectati,</span> <span class='ocrx_word' id='word_1_259' title='bbox 329 3021 446 3075; x_wconf 88' lang='lat' dir='ltr'>paucos,</span> <span class='ocrx_word' id='word_1_260' title='bbox 475 3003 522 3077; x_wconf 91' lang='lat' dir='ltr'>qui</span> <span class='ocrx_word' id='word_1_261' title='bbox 550 3023 585 3061; x_wconf 82' lang='lat' dir='ltr'>ex</span> <span class='ocrx_word' id='word_1_262' title='bbox 607 3005 676 3081; x_wconf 67' lang='lat' dir='ltr'>fugit</span> <span class='ocrx_word' id='word_1_263' title='bbox 703 3016 861 3075; x_wconf 87' lang='lat' dir='ltr'>evaserant,</span> <span class='ocrx_word' id='word_1_264' title='bbox 886 3006 1070 3079; x_wconf 89' lang='lat' dir='ltr'>reliquerunt.</span> <span class='ocrx_word' id='word_1_265' title='bbox 1112 3006 1164 3062; x_wconf 87' lang='lat' dir='ltr'>Sic</span> 
     </span>
     <span class='ocr_line' id='line_1_32' title="bbox 136 3093 1163 3170; baseline 0.006 -24"><span class='ocrx_word' id='word_1_266' title='bbox 136 3109 195 3146; x_wconf 84' lang='lat' dir='ltr'>uno</span> <span class='ocrx_word' id='word_1_267' title='bbox 208 3103 335 3164; x_wconf 88' lang='lat' dir='ltr'>tempore</span> <span class='ocrx_word' id='word_1_268' title='bbox 349 3105 378 3148; x_wconf 87' lang='lat' dir='ltr'>et</span> <span class='ocrx_word' id='word_1_269' title='bbox 392 3093 428 3149; x_wconf 91' lang='lat' dir='ltr'>de</span> <span class='ocrx_word' id='word_1_270' title='bbox 443 3095 535 3152; x_wconf 79' lang='lat' dir='ltr'>navali</span> <span class='ocrx_word' id='word_1_271' title='bbox 549 3097 646 3170; x_wconf 70' lang='lat' dir='ltr'>pugni</span> <span class='ocrx_word' id='word_1_272' title='bbox 667 3096 792 3151; x_wconf 81' lang='lat' dir='ltr'>Sabinus</span> <span class='ocrx_word' id='word_1_273' title='bbox 812 3107 841 3152; x_wconf 92' lang='lat' dir='ltr'>et</span> <span class='ocrx_word' id='word_1_274' title='bbox 862 3096 898 3152; x_wconf 88' lang='lat' dir='ltr'>de</span> <span class='ocrx_word' id='word_1_275' title='bbox 920 3097 1021 3152; x_wconf 89' lang='lat' dir='ltr'>Sabini</span> <span class='ocrx_word' id='word_1_276' title='bbox 1042 3097 1163 3152; x_wconf 79' lang='lat' dir='ltr'>victorial</span> 
     </span>
     <span class='ocr_line' id='line_1_33' title="bbox 136 3181 1163 3262; baseline 0.009 -28"><span class='ocrx_word' id='word_1_277' title='bbox 136 3181 233 3236; x_wconf 66' lang='lat' dir='ltr'>cesar</span> <span class='ocrx_word' id='word_1_278' title='bbox 257 3183 361 3238; x_wconf 87' lang='lat' dir='ltr'>certior</span> <span class='ocrx_word' id='word_1_279' title='bbox 390 3183 501 3240; x_wconf 84' lang='lat' dir='ltr'>lactus:</span> <span class='ocrx_word' id='word_1_280' title='bbox 533 3185 720 3260; x_wconf 88' lang='lat' dir='ltr'>civitatesque</span> <span class='ocrx_word' id='word_1_281' title='bbox 741 3205 847 3262; x_wconf 34' lang='lat' dir='ltr'>omnes!</span> <span class='ocrx_word' id='word_1_282' title='bbox 867 3205 898 3243; x_wconf 85' lang='lat' dir='ltr'>se</span> <span class='ocrx_word' id='word_1_283' title='bbox 925 3187 1021 3243; x_wconf 86' lang='lat' dir='ltr'>statim</span> <span class='ocrx_word' id='word_1_284' title='bbox 1045 3186 1163 3243; x_wconf 89' lang='lat' dir='ltr'>Titurio</span> 
     </span>
     <span class='ocr_line' id='line_1_34' title="bbox 136 3271 1163 3351; baseline 0.007 -25"><span class='ocrx_word' id='word_1_285' title='bbox 136 3271 313 3328; x_wconf 86' lang='lat' dir='ltr'>dediderunt.</span> <span class='ocrx_word' id='word_1_286' title='bbox 357 3272 442 3343; x_wconf 82' lang='lat' dir='ltr'>Nam,</span> <span class='ocrx_word' id='word_1_287' title='bbox 458 3286 489 3330; x_wconf 94' lang='lat' dir='ltr'>ut</span> <span class='ocrx_word' id='word_1_288' title='bbox 504 3277 537 3330; x_wconf 83' lang='lat' dir='ltr'>ad</span> <span class='ocrx_word' id='word_1_289' title='bbox 551 3277 628 3332; x_wconf 90' lang='lat' dir='ltr'>bella</span> <span class='ocrx_word' id='word_1_290' title='bbox 641 3278 824 3351; x_wconf 84' lang='lat' dir='ltr'>suscipienda</span> <span class='ocrx_word' id='word_1_291' title='bbox 842 3277 991 3334; x_wconf 90' lang='lat' dir='ltr'>Gallorum</span> <span class='ocrx_word' id='word_1_292' title='bbox 1014 3278 1107 3332; x_wconf 86' lang='lat' dir='ltr'>alacer</span> <span class='ocrx_word' id='word_1_293' title='bbox 1129 3297 1163 3333; x_wconf 88' lang='lat' dir='ltr'>ac</span> 
     </span>
     <span class='ocr_line' id='line_1_35' title="bbox 135 3365 1163 3436; baseline 0.008 -20"><span class='ocrx_word' id='word_1_294' title='bbox 135 3373 281 3436; x_wconf 83' lang='lat' dir='ltr'>promptus</span> <span class='ocrx_word' id='word_1_295' title='bbox 296 3375 338 3419; x_wconf 83' lang='lat' dir='ltr'>est</span> <span class='ocrx_word' id='word_1_296' title='bbox 354 3365 474 3434; x_wconf 83' lang='lat' dir='ltr'>animus,</span> <span class='ocrx_word' id='word_1_297' title='bbox 489 3367 532 3421; x_wconf 87' lang='lat' dir='ltr'>sic</span> <span class='ocrx_word' id='word_1_298' title='bbox 547 3367 639 3422; x_wconf 90' lang='lat' dir='ltr'>mollis</span> <span class='ocrx_word' id='word_1_299' title='bbox 655 3387 688 3422; x_wconf 88' lang='lat' dir='ltr'>ac</span> <span class='ocrx_word' id='word_1_300' title='bbox 703 3367 821 3424; x_wconf 76' lang='lat' dir='ltr'>minime</span> <span class='ocrx_word' id='word_1_301' title='bbox 837 3368 972 3424; x_wconf 88' lang='lat' dir='ltr'>resistens</span> <span class='ocrx_word' id='word_1_302' title='bbox 992 3368 1027 3423; x_wconf 89' lang='lat' dir='ltr'>ad</span> <span class='ocrx_word' id='word_1_303' title='bbox 1048 3368 1163 3424; x_wconf 88' lang='lat' dir='ltr'>calami·</span> 
     </span>
     <span class='ocr_line' id='line_1_36' title="bbox 135 3454 677 3528; baseline 0.006 -17"><span class='ocrx_word' id='word_1_304' title='bbox 135 3463 207 3511; x_wconf 83' lang='lat' dir='ltr'>tates</span> <span class='ocrx_word' id='word_1_305' title='bbox 221 3454 404 3528; x_wconf 77' lang='lat' dir='ltr'>perferendas</span> <span class='ocrx_word' id='word_1_306' title='bbox 419 3475 499 3511; x_wconf 91' lang='lat' dir='ltr'>mens</span> <span class='ocrx_word' id='word_1_307' title='bbox 513 3475 611 3512; x_wconf 89' lang='lat' dir='ltr'>eorum</span> <span class='ocrx_word' id='word_1_308' title='bbox 627 3468 677 3514; x_wconf 84' lang='lat' dir='ltr'>est.</span> 
     </span>
    </p>

    <p class='ocr_par' dir='ltr' id='par_1_6' title="bbox 134 3545 1163 3892">
     <span class='ocr_line' id='line_1_37' title="bbox 175 3545 1161 3622; baseline 0.002 -20"><span class='ocrx_word' id='word_1_309' title='bbox 175 3547 243 3602; x_wconf 91' lang='lat' dir='ltr'>XX.</span> <span class='ocrx_word' id='word_1_310' title='bbox 276 3545 383 3601; x_wconf 80' lang='lat' dir='ltr'>Eodem</span> <span class='ocrx_word' id='word_1_311' title='bbox 399 3545 457 3601; x_wconf 74' lang='lat' dir='ltr'>sere</span> <span class='ocrx_word' id='word_1_312' title='bbox 472 3558 599 3620; x_wconf 88' lang='lat' dir='ltr'>tempore</span> <span class='ocrx_word' id='word_1_313' title='bbox 620 3548 651 3604; x_wconf 89' lang='lat' dir='ltr'>P.</span> <span class='ocrx_word' id='word_1_314' title='bbox 667 3549 798 3617; x_wconf 88' lang='lat' dir='ltr'>Crassus,</span> <span class='ocrx_word' id='word_1_315' title='bbox 813 3568 901 3622; x_wconf 91' lang='lat' dir='ltr'>quum</span> <span class='ocrx_word' id='word_1_316' title='bbox 923 3549 952 3605; x_wconf 90' lang='lat' dir='ltr'>in</span> <span class='ocrx_word' id='word_1_317' title='bbox 974 3548 1161 3622; x_wconf 85' lang='lat' dir='ltr'>Aquitaniam</span> 
     </span>
     <span class='ocr_line' id='line_1_38' title="bbox 134 3637 1163 3714; baseline 0.002 -22"><span class='ocrx_word' id='word_1_318' title='bbox 134 3638 318 3712; x_wconf 84' lang='lat' dir='ltr'>pervenisset,</span> <span class='ocrx_word' id='word_1_319' title='bbox 334 3655 396 3710; x_wconf 78' lang='lat' dir='ltr'>quae</span> <span class='ocrx_word' id='word_1_320' title='bbox 411 3657 486 3712; x_wconf 77' lang='lat' dir='ltr'>pam,</span> <span class='ocrx_word' id='word_1_321' title='bbox 502 3650 533 3693; x_wconf 91' lang='lat' dir='ltr'>ut</span> <span class='ocrx_word' id='word_1_322' title='bbox 555 3637 621 3693; x_wconf 77' lang='lat' dir='ltr'>ante</span> <span class='ocrx_word' id='word_1_323' title='bbox 646 3639 755 3694; x_wconf 91' lang='lat' dir='ltr'>dictum</span> <span class='ocrx_word' id='word_1_324' title='bbox 777 3653 830 3708; x_wconf 89' lang='lat' dir='ltr'>est,</span> <span class='ocrx_word' id='word_1_325' title='bbox 845 3650 873 3695; x_wconf 87' lang='lat' dir='ltr'>et</span> <span class='ocrx_word' id='word_1_326' title='bbox 897 3640 1047 3714; x_wconf 87' lang='lat' dir='ltr'>regionum</span> <span class='ocrx_word' id='word_1_327' title='bbox 1069 3639 1163 3694; x_wconf 88' lang='lat' dir='ltr'>latitu-</span> 
     </span>
     <span class='ocr_line' id='line_1_39' title="bbox 135 3727 1161 3802; baseline 0.004 -21"><span class='ocrx_word' id='word_1_328' title='bbox 135 3727 202 3782; x_wconf 87' lang='lat' dir='ltr'>dine</span> <span class='ocrx_word' id='word_1_329' title='bbox 216 3739 244 3784; x_wconf 90' lang='lat' dir='ltr'>et</span> <span class='ocrx_word' id='word_1_330' title='bbox 264 3729 447 3785; x_wconf 88' lang='lat' dir='ltr'>multitudine</span> <span class='ocrx_word' id='word_1_331' title='bbox 469 3729 617 3784; x_wconf 90' lang='lat' dir='ltr'>hominum</span> <span class='ocrx_word' id='word_1_332' title='bbox 641 3747 676 3782; x_wconf 78' lang='lat' dir='ltr'>ex</span> <span class='ocrx_word' id='word_1_333' title='bbox 697 3730 781 3784; x_wconf 72' lang='lat' dir='ltr'>tertia</span> <span class='ocrx_word' id='word_1_334' title='bbox 802 3741 883 3802; x_wconf 88' lang='lat' dir='ltr'>parte</span> <span class='ocrx_word' id='word_1_335' title='bbox 904 3730 1006 3785; x_wconf 86' lang='lat' dir='ltr'>Galliae</span> <span class='ocrx_word' id='word_1_336' title='bbox 1028 3740 1071 3785; x_wconf 84' lang='lat' dir='ltr'>est</span> <span class='ocrx_word' id='word_1_337' title='bbox 1091 3729 1161 3785; x_wconf 78' lang='lat' dir='ltr'>aesti-</span> 
     </span>
     <span class='ocr_line' id='line_1_40' title="bbox 135 3815 1161 3892; baseline 0.008 -24"><span class='ocrx_word' id='word_1_338' title='bbox 135 3815 351 3890; x_wconf 60' lang='lat' dir='ltr'>nassa,=quum</span> <span class='ocrx_word' id='word_1_339' title='bbox 366 3819 537 3892; x_wconf 87' lang='lat' dir='ltr'>intelligeret</span> <span class='ocrx_word' id='word_1_340' title='bbox 553 3818 583 3871; x_wconf 89' lang='lat' dir='ltr'>in</span> <span class='ocrx_word' id='word_1_341' title='bbox 597 3817 641 3871; x_wconf 83' lang='lat' dir='ltr'>his</span> <span class='ocrx_word' id='word_1_342' title='bbox 655 3816 727 3871; x_wconf 88' lang='lat' dir='ltr'>locis</span> <span class='ocrx_word' id='word_1_343' title='bbox 741 3817 796 3872; x_wconf 88' lang='lat' dir='ltr'>sibi</span> <span class='ocrx_word' id='word_1_344' title='bbox 809 3818 916 3873; x_wconf 88' lang='lat' dir='ltr'>bellum</span> <span class='ocrx_word' id='word_1_345' title='bbox 930 3819 1099 3892; x_wconf 85' lang='lat' dir='ltr'>gerendum,</span> <span class='ocrx_word' id='word_1_346' title='bbox 1113 3819 1161 3876; x_wconf 90' lang='lat' dir='ltr'>ubi</span> 
     </span>
    </p>
   </div>
   <div class='ocr_carea' id='block_1_5' title="bbox 254 4091 266 4118">
    <p class='ocr_par' dir='ltr' id='par_1_7' title="bbox 254 4091 266 4118">
     <span class='ocr_line' id='line_1_41' title="bbox 254 4091 266 4118; baseline 0 -7"><span class='ocrx_word' id='word_1_347' title='bbox 254 4091 266 4118; x_wconf 67' lang='lat' dir='ltr'>q</span> 
     </span>
    </p>
   </div>
   <div class='ocr_carea' id='block_1_6' title="bbox 0 0 1294 4270">
    <p class='ocr_par' dir='ltr' id='par_1_8' title="bbox 0 0 1294 4270">
     <span class='ocr_line' id='line_1_42' title="bbox 0 0 1294 4270; baseline 0 1"><span class='ocrx_word' id='word_1_348' title='bbox 0 0 1294 4270; x_wconf 95' lang='lat' dir='ltr'> </span> 
     </span>
    </p>
   </div>
  </div>
 </body>
</html>
