2578 4270
128 229 167 287 70
456 227 504 278 DE
526 229 643 281 BELLO
667 229 827 280 GALLICO
962 231 1041 296 [Car.
1057 229 1177 282 ert-:tm

130 369 256 428 alienum
271 387 334 426 esse
347 379 460 446 tempus
475 371 637 444 arbitratus,
652 393 706 430 suo
726 392 756 430 se
776 373 842 430 loco
863 371 1017 444 continuit,
1032 383 1062 432 et
1083 372 1176 436 breui

128 471 257 534 tempore
289 461 462 532 intermisso,
485 464 515 518 in
542 475 637 520 castra
663 465 792 539 legiones
819 465 940 520 reduxit.
992 465 1072 520 Dum
1101 464 1173 519 haec

129 564 277 628 geruntur,
292 554 396 608 nostris
410 555 543 610 omnibus
557 557 717 628 occupatiS,
732 556 781 628 qui
796 566 877 610 erant
898 555 929 610 in
951 555 1026 628 agris
1047 554 1171 626 reliqui,

129 643 331 699 discesserunt.
373 645 488 700 Secutae
510 657 577 702 sunt
599 648 753 701 continuos
773 646 935 720 complures
957 646 1019 700 dies
1041 655 1172 717 tempes-

128 743 211 803 tates,
227 753 289 807 quae
304 745 333 790 et
347 747 458 790 nostros
479 736 509 790 in
530 737 631 792 castris
652 737 842 804 continerent,
857 747 886 792 et
907 735 1017 790 hostem
1033 736 1171 809 apugnai

128 826 319 899 prohiberent.
361 824 481 882 Interim
496 827 609 882 barbari
623 828 747 882 nuncios
766 827 795 882 in
816 845 916 882 omnes
936 839 1032 899 partes
1047 825 1170 880 dimise-

129 927 205 984 runt,
220 916 451 990 paucitatemque
471 928 632 972 nostrorum
654 918 777 974 militum
796 917 856 972 suis
877 910 1119 990 predicaverunt,
1136 924 1170 970 et

129 1019 236 1079 quanta
249 1007 351 1081 praedae
367 1007 506 1064 faciendae
522 1019 606 1081 atque
622 1008 650 1062 in
664 1019 834 1082 perpetuum
849 1007 895 1062 sui
913 1006 1056 1062 liberandi
1073 1005 1169 1061 facul-

128 1107 173 1153 tas
196 1098 321 1168 daretur,
342 1098 366 1154 si
389 1097 538 1154 Romanos
560 1098 661 1154 castris
682 1098 867 1172 expulissent,
882 1097 1166 1174 demonstraverunt

130 1186 186 1244 llis
206 1189 291 1243 rebus
312 1188 443 1244 celeriter
465 1190 569 1263 maguti
591 1189 775 1246 multitudiue
794 1188 939 1264 peditatus
959 1187 1167 1260 equitatusque

130 1279 242 1347 coacti,
258 1278 293 1333 ad
307 1290 401 1334 castra
416 1291 561 1335 venerunt.

169 1367 299 1425 XXXV.
328 1368 436 1437 Caesar,
451 1369 504 1425 etsi
519 1369 605 1440 idem,
619 1370 695 1444 quod
710 1369 904 1444 superioribus
925 1367 1027 1425 diebus
1049 1367 1167 1424 accide-

129 1470 182 1528 rat,
198 1459 258 1516 fore
273 1459 395 1530 videbat,
410 1471 451 1529 ut,
466 1460 489 1515 si
505 1473 600 1516 essent
614 1461 709 1517 hostes
729 1461 815 1534 pulsi,
831 1460 978 1516 celeritate
997 1459 1165 1533 periculum

130 1551 305 1626 effugerent3
327 1563 422 1606 tamen
444 1563 545 1606 nactus
566 1552 676 1624 equites
697 1551 813 1607 circiter
833 1551 961 1626 triginta,
981 1569 1053 1623 quos
1074 1550 1164 1606 Com·

130 1643 204 1698 mins
227 1643 358 1711 Atrebas
373 1641 409 1698 de
430 1661 487 1715 quo
507 1640 574 1697 ante
598 1643 707 1697 dictum
728 1653 780 1710 est,
796 1660 894 1698 secum
909 1651 1163 1714 transportaverat,

128 1734 257 1809 legiones
273 1735 300 1789 in
317 1732 379 1788 acie
390 1752 441 1807 pru
453 1733 553 1788 castris
564 1733 719 1788 constituit.
755 1731 918 1788 Commisso
928 1731 1039 1806 proelio,
1052 1731 1163 1788 diutius

129 1839 290 1880 nostrorum
306 1825 428 1882 militum
444 1824 579 1898 impetum
595 1823 689 1879 hostes
704 1823 778 1879 serre
789 1841 846 1878 non
858 1833 1021 1896 potuerunt,
1035 1839 1069 1876 ac
1079 1834 1164 1896 terga

130 1927 283 1970 verterunt.
323 1915 409 1974 Quos
423 1927 502 1970 tauto
516 1915 607 1988 spatio
621 1914 723 1983 secuti,
738 1925 876 1986 quantum
897 1931 982 1968 cursu
1005 1923 1033 1968 et
1051 1912 1163 1968 viribus

131 2005 245 2059 efficere
259 2016 422 2077 potuerunt,
438 2006 599 2079 complures
620 2023 655 2060 ex
676 2005 710 2060 iis
731 2003 918 2070 occiderunt;
940 2003 1054 2072 deinde,
1069 2003 1163 2058 onmi-

131 2093 185 2149 bus
200 2093 284 2168 louge
301 2093 414 2166 lateque
429 2095 540 2150 afflictis
556 2095 747 2168 incensisque,
763 2091 836 2150 sein
852 2105 946 2150 castra
959 2103 1139 2167 receperunt.

171 2183 316 2240 XXXVl.
347 2183 455 2239 Eodem
470 2185 516 2240 die
538 2186 633 2262 legati,
650 2186 684 2240 ab
705 2185 834 2240 hostibus
855 2183 934 2240 missi
957 2183 992 2239 ad
1014 2184 1161 2240 Caesarem

131 2273 167 2329 de
181 2293 262 2348 pace,
278 2286 423 2330 venerunt.
466 2274 521 2330 His
535 2276 632 2332 Caesar
647 2294 797 2332 numerum
812 2274 955 2343 obsidum,
971 2292 1055 2346 quern
1075 2285 1161 2330 antea

132 2364 328 2440 imperaverat,
351 2365 516 2439 duplicavit,
542 2385 648 2440 eosque
669 2367 697 2422 in
720 2365 916 2422 continentem
941 2363 1045 2420 adduci
1064 2363 1159 2438 jussit,

132 2457 218 2530 qudd,
234 2457 392 2532 propinqui
407 2457 453 2513 die
468 2457 643 2530 aequinoctii,
660 2457 778 2513 infirmis
793 2456 922 2524 navibus,
937 2455 1024 2511 hiemi
1045 2455 1160 2530 naviga·

131 2547 237 2606 tionem
259 2549 466 2624 subjiciendam
487 2567 544 2604 non
565 2545 752 2605 existimabat.
795 2545 870 2620 lpse,
886 2545 1018 2602 idoneam
1038 2556 1160 2620 tempes-

131 2648 218 2696 tatem
242 2653 352 2710 nactus,
374 2641 460 2715 paulo
483 2650 547 2714 pust
574 2639 697 2694 mediam
725 2649 840 2694 noctem
867 2654 954 2692 naves
978 2635 1071 2705 solvit,
1096 2653 1163 2712 quae⁴

131 2747 230 2784 omues
258 2731 416 2786 incolumes
445 2731 479 2786 ad
512 2730 706 2786 continentem
735 2737 944 2802 pervenerunt;
974 2727 1025 2782 sed
1052 2744 1088 2782 ex
1115 2726 1161 2784 bis

132 2818 269 2872 onerariae
284 2818 347 2872 dure
367 2821 492 2888 eosdem,
508 2839 579 2892 quos
599 2819 725 2890 relique,
739 2829 837 2892 portus
859 2835 962 2892 capere
982 2833 1040 2872 non
1060 2827 1159 2890 potue·

132 2919 208 2974 runt,
224 2919 251 2962 et
266 2906 349 2978 pauld
365 2906 438 2962 infra
453 2909 554 2966 delatae
569 2919 643 2966 sunt.

172 2995 332 3052 XXXVlI.
360 2997 478 3056 Quibus
492 3017 527 3054 ex
547 2999 667 3056 navibus
688 3017 775 3072 quum
796 3010 891 3056 essent
911 2999 1032 3074 expositi
1053 2999 1158 3056 milites

133 3087 248 3142 circiter
262 3086 351 3156 CCC,
364 3098 447 3160 atque
462 3088 491 3143 in
503 3101 595 3145 castra
606 3091 821 3158 contenderent,
834 3088 952 3174 Morini,
965 3109 1036 3162 quos
1050 3090 1156 3160 Caesar,

134 3177 163 3232 in
185 3176 362 3232 Britanniam
386 3179 580 3252 proficiscens
594 3191 710 3254 pacatos
732 3181 894 3257 reliquerat,
916 3199 965 3253 spe
986 3180 1089 3253 praedae
1112 3180 1158 3236 ad·

133 3267 223 3334 ducti,
242 3265 333 3340 primo
355 3287 412 3324 non
433 3269 473 3325 ita
493 3287 598 3344 magno
619 3289 733 3326 suorum
755 3289 876 3330 numero
896 3271 1156 3339 circumsteterunt,

134 3375 177 3426 ac,
193 3357 215 3412 si
231 3375 293 3412 sese
308 3357 429 3414 interfici
450 3359 567 3428 nollent,
584 3379 661 3416 arma
680 3380 787 3434 ponere
804 3361 957 3434 jusserunt.
999 3360 1101 3420 Quum
1117 3361 1155 3416 illi

132 3448 202 3505 orbe
227 3447 302 3504 lacto
316 3449 387 3504 vsese
412 3447 607 3518 defenderent,
623 3451 753 3506 celeriter
778 3451 812 3524 ad
835 3451 988 3508 clamorem
1010 3450 1155 3508 homiuum

132 3539 248 3596 circiter
262 3537 351 3594 millia
369 3539 411 3594 Vl
433 3549 636 3595 convenerunt.
677 3540 747 3599 Qud
770 3559 800 3596 re
822 3541 970 3608 nunciati,
985 3539 1084 3596 Caesar
1100 3561 1156 3596 om·
1180 3605 1183 3610 ,

132 3649 197 3686 nem
220 3649 255 3686 ex
279 3629 379 3686 castris
403 3629 560 3702 equitatum
584 3629 643 3684 suis
667 3631 771 3686 auxilio
795 3631 879 3686 misit.
922 3630 1040 3686 Interim
1068 3632 1155 3688 nostri

132 3721 236 3777 milites
266 3719 403 3794 impetum
430 3719 554 3776 hostium
584 3719 789 3787 sustinuerunt,
818 3731 903 3792 atque
930 3718 1052 3794 ampliirs
1080 3721 1154 3780 horis

133 3820 253 3880 quatuor
268 3807 421 3868 fortissime
437 3817 647 3885 pugnaverunt,
662 3817 701 3876 et,
714 3809 814 3880 paucis
834 3807 999 3878 vulneribus
1020 3812 1152 3886 acceptis,
