2566 4270
119 307 186 356 Otr.
202 306 317 369 :tr-ro]
498 304 606 356 LIBER
627 303 771 356 SEXTUS.
1090 309 1143 366 lll

118 468 206 509 novas
219 449 274 506 sibi
289 467 325 506 ex
338 449 403 506 loco
416 448 570 526 religiones
579 448 701 526 lingunt,
713 449 862 523 Cottaeque
876 457 904 506 et
918 445 1026 522 Titurii
1040 447 1145 510 calam·

118 541 228 610 itatem,
244 540 294 613 qui
315 541 345 595 in
366 540 466 603 eodem
490 541 651 596 occiderint
671 540 797 608 castello,
814 541 878 594 ante
902 539 1002 594 oculos
1024 549 1142 612 ponunt.

117 631 185 687 Tali
201 632 305 687 timore
318 630 450 686 omnibus
463 631 630 704 perterritis,
645 630 828 686 confirmatur
850 628 947 704 opinio
959 630 1096 699 barbaris,
1112 641 1142 686 ut

117 741 153 780 err
175 722 289 796 captivo
310 721 467 791 audierant,
482 721 592 776 nullum
614 739 676 777 esse
700 721 776 776 intus
799 721 971 794 presidium.
1013 719 1144 789 Perrum-

116 831 186 888 pere
206 814 347 881 nituntur,
368 829 456 884 seque
476 811 531 886 ipsi
552 811 746 881 adhortantur,
761 829 798 867 ne
817 822 923 868 tantam
947 811 1087 867 fortunam
1108 829 1143 868 ex

116 903 251 962 manibus
265 903 418 958 dImittant.
925 912 927 916 ’

159 991 334 1058 XXXVIII.
364 991 434 1048 Erat
454 1009 529 1068 aeger
550 991 580 1048 in
600 992 733 1066 prasidio
754 991 871 1047 relictus
895 991 926 1047 P.
943 991 1057 1047 Sextius
1072 991 1144 1048 Bac·

117 1084 194 1154 ulus,
209 1083 257 1156 qui
270 1083 395 1158 primum
408 1082 498 1162 pilum
514 1083 549 1138 ad
563 1083 706 1138 Caesarem
721 1083 850 1152 duxerat,
866 1082 948 1156 cujus
968 1081 1143 1138 mentionem

115 1174 313 1248 superioribus
325 1173 433 1248 proeliis
447 1173 577 1244 fecimus,
594 1192 628 1228 ac
642 1173 717 1229 diem
735 1174 793 1248 jam
814 1174 944 1247 quintum
966 1173 1032 1229 cibo
1046 1191 1144 1230 carue-

115 1276 171 1321 rat.
213 1264 282 1334 Hic,
297 1264 406 1320 diffisus
428 1283 486 1320 suae
506 1275 590 1338 atque
615 1264 742 1319 omnium
764 1265 857 1333 saluti,
874 1263 989 1320 inermis
1003 1283 1038 1320 ex
1052 1265 1143 1320 taber-

116 1355 225 1412 naculo
248 1354 361 1429 prodit:
379 1340 461 1411 'videt
481 1354 630 1410 imminere
654 1354 758 1426 hostes,
784 1366 867 1430 atque
882 1355 920 1412 o'n
945 1373 1056 1411 summo
1079 1373 1141 1412 esse

115 1464 178 1503 rem
204 1445 386 1502 discrimine:
409 1445 485 1519 capit
510 1464 587 1501 arma
609 1464 626 1502 a
648 1447 793 1519 proximiS,
815 1457 898 1520 atque
920 1446 948 1501 in
972 1445 1054 1520 portia
1074 1465 1142 1502 con·

114 1537 199 1594 sistit.
242 1535 465 1610 Consequuntur
486 1535 564 1592 hunc
585 1537 768 1593 centuriones
788 1536 849 1611 ejus
870 1536 1005 1606 cohortis,
1027 1555 1089 1609 quae
1111 1535 1140 1592 in

114 1626 240 1684 statione
266 1637 343 1682 erat:
371 1625 514 1701 paulisper
541 1625 600 1681 und
626 1627 758 1701 proelium
785 1627 934 1682 sustinent.
990 1625 1141 1700 Relinquit

116 1717 232 1774 animus
259 1717 399 1787 Sextium,
434 1717 567 1792 gravibus
600 1718 726 1792 acceptis
758 1717 937 1772 vulneribus:
973 1735 1058 1791 agre,
1090 1735 1141 1792 per

114 1827 219 1866 manus
238 1818 355 1879 tractus,
377 1819 511 1865 servatur.
554 1807 621 1863 Hoc
644 1807 736 1882 spatio
758 1807 934 1880 interposito,
956 1807 1057 1880 reliqui
1078 1823 1142 1864 sese

116 1899 287 1957 confirmant
301 1897 422 1970 tantbm,
437 1909 469 1954 ut
484 1898 512 1954 in
528 1897 735 1955 munitionibus
756 1898 912 1954 consistere
934 1896 1065 1969 audeant,
1080 1916 1142 1974 spe-

115 1992 250 2064 ciemque
264 1991 445 2047 defensorum
459 1991 613 2064 praebeant.

158 2081 306 2141 XXXIX.
341 2081 461 2144 Interim
492 2081 625 2138 confecta
656 2079 885 2151 frumentatione,
914 2079 1018 2137 milites
1050 2081 1140 2138 nostri

116 2173 273 2230 clamorem
301 2173 475 2242 exaudiunt3
505 2182 684 2247 praecurrunt
711 2173 830 2248 equites
859 2183 965 2246 quanto
985 2191 1029 2228 res
1053 2172 1089 2228 sit
1110 2172 1139 2229 in

114 2264 255 2340 periculo,
270 2273 455 2340 cognoscunt.
498 2262 557 2320 Hic
571 2262 638 2320 verb
653 2263 732 2320 nulla
749 2264 870 2320 munitio
891 2275 943 2332 est,
958 2282 1020 2336 quae
1035 2277 1141 2338 perter-

107 2356 186 2414 ritos
199 2354 337 2430 recipiat:
358 2352 444 2411 modo
459 2354 613 2428 conscripti
630 2365 714 2427 atque
728 2353 796 2409 usirs
810 2355 940 2410 militaris
959 2354 1081 2428 imperiti
1104 2353 1139 2410 ad

114 2447 263 2503 tribunum
276 2445 398 2501 militum
414 2444 653 2516 centurionesque
670 2462 720 2499 ora
740 2456 927 2501 convertunt:
949 2445 1017 2518 quid
1040 2445 1075 2499 ab
1095 2445 1140 2501 his

114 2536 308 2614 praecipiatur,
323 2543 497 2608 exspectant.
539 2532 635 2587 Nemo
648 2543 690 2588 est
703 2543 760 2588 tam
776 2534 865 2602 fortis,
877 2534 946 2606 quin
961 2533 1001 2589 rei
1016 2535 1141 2590 novitate

114 2626 307 2702 perturbetur.
349 2621 480 2690 Barbari,
502 2621 585 2696 signa
607 2621 706 2694 procul
732 2623 901 2695 conspicati,
929 2623 1141 2696 oppugnatione

116 2716 276 2773 desistunt:
308 2711 417 2768 redisse
440 2709 532 2786 primo
556 2710 684 2787 legiones
708 2711 838 2782 credunt,
863 2731 933 2785 quas
953 2710 1066 2788 longiirs
1087 2713 1142 2770 dis·

117 2791 239 2862 cessisse
261 2821 296 2859 ex
317 2801 436 2876 captivis
460 2812 668 2877 cognoverant:
696 2813 804 2878 postea,
821 2803 964 2878 despecta
985 2804 1139 2880 paucitate,

118 2914 154 2952 ex
167 2893 301 2950 omnibus
314 2892 441 2969 partibus
456 2892 590 2968 impetum
607 2894 723 2952 faciunt.

156 2987 221 3044 XL.
250 2986 373 3066 Calones
387 2986 416 3042 in
429 2987 588 3062 proximum
603 2987 743 3044 tumulum
757 2999 947 3061 procurrunt:
970 2989 1037 3046 binc
1052 2990 1140 3048 celer-

116 3078 170 3138 iter
192 3077 304 3154 dejecti,
326 3096 357 3134 se
381 3077 410 3134 in
435 3077 518 3153 signa
541 3077 761 3152 manipulosque
785 3079 961 3154 conjiciunt:
989 3099 1024 3137 eo
1048 3081 1139 3158 magis

115 3170 230 3228 timidos
243 3179 401 3244 perterrent
420 3169 533 3225 milites.
575 3167 646 3237 Alii,
661 3186 756 3223 cuneo
777 3169 862 3238 lacto,
877 3181 908 3225 ut
928 3171 1058 3227 celeriter
1078 3191 1138 3246 per-

115 3271 258 3333 rumpant,
280 3268 408 3328 censent,
429 3258 564 3330 quoniam
586 3267 645 3312 tam
664 3257 823 3332 propinqua
845 3260 901 3316 sint
923 3272 1033 3328 castra;
1055 3273 1093 3332 et,
1115 3263 1139 3318 si

114 3370 181 3426 pars
206 3350 300 3422 aliqua
321 3349 519 3404 circumventa
541 3347 690 3416 ceciderit,
720 3359 747 3404 at
774 3349 898 3424 reliquos
924 3351 1029 3406 servari
1056 3371 1139 3427 posse

116 3439 281 3497 confidunt:
315 3439 373 3507 alii,
402 3447 433 3493 ut
456 3437 484 3492 in
507 3437 578 3512 jugo
600 3439 765 3505 consistant,
792 3451 875 3514 atque
896 3441 1019 3498 eundem
1040 3461 1139 3499 omnes

116 3531 210 3602 ferant
237 3547 344 3586 casum.
387 3527 454 3586 Hoc
481 3539 591 3586 veteres
615 3548 671 3585 non
699 3531 819 3604 probant
847 3531 960 3601 milites,
988 3551 1059 3606 quos
1086 3533 1139 3588 snb

115 3621 221 3679 vexillo
248 3617 306 3678 una
332 3619 476 3692 proiectos
503 3619 661 3676 docuimus.
702 3619 803 3694 Itaque
831 3622 904 3678 inter
931 3641 961 3678 se
988 3621 1138 3692 cohortati,
1197 3683 1202 3688 .

115 3713 191 3769 duce
213 3711 247 3768 C.
270 3709 429 3778 Trebonio,
450 3709 545 3782 equite
569 3709 713 3781 Romano,
736 3711 784 3785 qni
807 3712 848 3767 eis
875 3723 936 3768 erat
961 3711 1138 3784 praepositus,

114 3823 166 3880 per
180 3803 289 3860 medios
310 3800 405 3856 hostes
425 3811 621 3874 perrumpunt,
637 3801 853 3874 incolumesque
874 3802 909 3856 ad
930 3817 1019 3855 unum
1039 3818 1139 3860 omnes

115 3896 146 3955 in
161 3905 254 3958 castra
265 3891 443 3970 perveniunt.
485 3890 548 3950 Hos
562 3891 707 3952 subsecuti
722 3891 838 3952 calones
851 3889 1017 3968 equitesque
1037 3891 1139 3972 eodem
