2566 4270
124 287 180 348 lut
449 287 497 338 ns
520 287 636 338 usuro
660 289 820 338 caturco
954 288 1033 354 [cn.
1050 289 1157 340 msa.

122 437 198 488 trare
219 427 428 502 existimantur,
455 431 563 490 habent
589 432 702 510 legibus
726 446 868 503 sanctum,
892 433 917 490 si
938 432 1003 508 quis
1023 432 1096 507 quid
1118 432 1157 492 de

122 521 281 596 republicis
296 540 313 578 a
326 521 455 580 finitimis
469 543 582 581 rumore
597 543 631 580 ac
646 525 721 580 samri
737 526 889 601 acceperit,
902 523 942 580 uti
956 524 991 580 ad
1005 525 1157 600 magistra-

122 622 182 668 tum
196 612 315 683 deserat,
330 631 402 681 neve
416 632 483 672 cum
498 633 555 688 quo
569 615 625 671 alio
644 617 855 672 communicet:
878 615 956 690 quod
976 633 1052 690 saepe
1073 616 1157 672 hom-

123 702 184 760 ines
198 705 363 764 temerarios
378 715 462 778 atque
486 705 631 780 imperitos
657 707 734 764 salsis
756 707 918 762 rumoribus
941 707 1042 762 terreri
1065 717 1097 762 et
1117 705 1156 763 ad

123 795 234 852 lacinus
249 795 365 870 impelli,
380 806 408 852 et
422 795 457 852 de
471 795 590 852 summis
604 797 689 853 rebus
703 797 855 854 consilium
877 815 980 872 capere
1001 797 1156 872 cognitum

122 896 172 942 est.
215 884 411 962 Magistratus,
436 906 499 960 quae
524 887 584 944 visa
602 899 678 957 sunt,
701 888 867 958 occultant3
890 906 1010 962 quasque
1031 906 1097 946 esse
1118 905 1212 1005 εκ.

123 995 176 1031 usu
194 976 394 1051 judicaverint,
409 977 586 1034 multitudini
600 979 732 1053 produnt.
774 978 820 1036 De
840 979 1004 1055 republicis
1024 979 1081 1036 nisi
1100 997 1155 1054 per

123 1067 279 1124 concilium
293 1068 371 1142 loqui
384 1087 442 1124 non
456 1069 632 1126 conceditur.

162 1157 247 1216 XXI.
288 1159 425 1234 Germani
458 1157 580 1216 multum
608 1160 643 1216 ab
670 1159 725 1218 hac
758 1161 968 1218 consuetudine
994 1161 1153 1219 differunt:

122 1267 188 1304 nam
208 1267 302 1322 neque
321 1248 447 1306 Druides
469 1249 584 1320 habent,
605 1250 654 1324 qui
675 1251 762 1307 rebus
783 1251 888 1310 divinis
907 1251 1034 1328 praesint,
1054 1269 1155 1326 neque

122 1337 272 1396 sacrificiis
293 1339 416 1396 student.
458 1339 587 1396 Deorum
609 1359 730 1398 numero
753 1360 804 1398 eos
831 1342 906 1398 solos
933 1341 1053 1412 ducunt,
1077 1361 1154 1416 quos

123 1440 253 1498 cernunt,
269 1441 297 1486 et
311 1448 432 1504 quorum
447 1429 544 1505 spertd
559 1431 661 1505 opibus
673 1431 817 1508 juvantur,
831 1432 928 1489 Solem
942 1443 971 1490 et
984 1433 1153 1488 Vulcanum

122 1533 150 1576 et
164 1520 293 1576 Lunam:
315 1521 439 1596 reliquos
452 1539 489 1578 ne
510 1521 585 1580 sams
607 1521 723 1595 quidem
744 1533 926 1597 acceperunt.
968 1523 1037 1580 Vita
1057 1523 1154 1579 omnis

123 1613 151 1668 in
166 1613 365 1668 venationibus
379 1623 464 1686 atque
478 1612 507 1667 iu
522 1612 624 1670 studiis
644 1614 686 1670 rei
707 1613 838 1670 militaris
859 1613 1008 1670 consistit:
1031 1613 1066 1670 ab
1087 1633 1153 1688 par-

123 1703 194 1759 vulis
208 1703 298 1760 labori
314 1721 348 1760 ac
362 1703 473 1760 duritia
488 1703 611 1760 student.
652 1704 715 1766 Qui
729 1704 890 1761 diutissime
911 1705 1074 1778 impuberes
1087 1723 1153 1778 per·
1182 1761 1184 1764 .

123 1806 297 1864 manserunt,
312 1796 464 1850 maximam
479 1796 552 1850 inter
571 1813 637 1850 suos
660 1795 754 1850 lerunt
776 1795 905 1850 laudem:
926 1795 981 1850 hoc
1003 1795 1040 1852 ali
1062 1805 1154 1850 statu-

124 1903 193 1953 ram,
210 1886 246 1942 ali
261 1885 316 1942 hoc
337 1887 411 1942 vires
431 1903 590 1960 nervosque
611 1884 773 1942 confirmari
791 1897 899 1960 putant.
941 1884 1021 1942 lutra
1042 1904 1151 1940 annum
1194 1951 1204 1968 ·

124 1974 190 2030 verb
205 1976 370 2032 vicesimum
386 1977 499 2034 feminae
513 1977 643 2032 notitiam
658 1975 791 2032 habuisse
806 1977 835 2032 in
851 1975 1021 2050 turpissimis
1042 1975 1152 2032 habent

123 2067 226 2122 rebus:
256 2067 339 2141 cujus
362 2067 404 2123 rei
427 2068 507 2124 nulla
531 2078 574 2124 est
596 2065 761 2137 occultatio,
783 2066 860 2140 qudd
881 2078 909 2123 et
931 2065 1094 2140 promiscue
1118 2066 1150 2122 in

123 2155 289 2212 fluminibus
308 2157 486 2230 perluuntur,
508 2169 537 2225 et
560 2158 682 2234 pellibus
706 2169 755 2214 aut
778 2158 871 2232 parvis
895 2157 1054 2213 rhenonum
1078 2157 1152 2232 tegi·

123 2248 226 2304 mentis
241 2257 369 2317 utuntur,
384 2249 488 2324 magna
503 2249 630 2324 corporis
643 2259 723 2324 parte
738 2248 824 2305 nudd.

162 2338 262 2395 XXII.
292 2337 486 2414 Agricultura
519 2359 576 2396 non
612 2339 744 2408 student;
778 2339 924 2415 majorque
956 2359 1022 2414 pars
1054 2340 1152 2398 victtis

122 2448 220 2487 eorum
243 2432 272 2487 in
293 2429 378 2500 lacte,
400 2449 495 2500 caseo,
520 2449 607 2487 carne
628 2431 774 2488 consistit:
796 2449 889 2504 neque
913 2432 1061 2505 quisquam
1087 2432 1149 2507 agri

121 2522 237 2580 modum
262 2532 372 2579 certum
398 2532 447 2578 ant
466 2521 538 2578 fines
568 2521 654 2578 habet
677 2521 815 2596 proprios,
837 2521 886 2577 sed
910 2522 1149 2596 magistratusue

120 2614 265 2690 principes
289 2613 318 2670 in
342 2632 431 2670 annos
453 2613 581 2690 singulos
605 2613 737 2688 gentibus
761 2612 1037 2687 cognationibusque
1058 2613 1149 2668 homi-

121 2706 264 2780 numqui
287 2703 346 2764 und
369 2704 501 2776 coierint,
516 2715 653 2778 quantum
674 2713 702 2760 et
726 2722 783 2776 quo
806 2703 871 2758 loco
894 2702 984 2758 visum
1006 2713 1059 2772 est,
1075 2703 1147 2778 agri,

121 2799 279 2853 attribuunt
307 2807 391 2870 atque
419 2815 494 2853 anno
520 2794 585 2870 pdst
613 2792 668 2850 alid
695 2794 816 2850 transire
848 2804 963 2870 cogunt.
1005 2793 1075 2868 Ejus
1103 2794 1146 2850 rei

121 2888 223 2944 multas
239 2887 360 2943 afferunt
374 2906 491 2943 causas:
513 2905 550 2944 ne
566 2885 678 2942 assiduat
693 2885 902 2942 consuetudine
917 2885 1003 2959 capti,
1018 2884 1145 2941 studium

121 2977 188 3034 belli
212 2976 330 3052 gerendi
359 2976 533 3051 agriculturd
557 2986 752 3045 commutent;
784 2995 821 3032 ne
848 2975 920 3032 latos
947 2975 1018 3032 lines
1044 2993 1146 3049 parare

120 3066 263 3137 studeant,
290 3068 520 3142 potentioresque
547 3067 713 3125 humiliores
739 3067 965 3142 possessionibus
988 3065 1144 3141 expellant3

120 3178 157 3217 ne
173 3155 334 3215 accuratibs
350 3157 384 3213 ad
399 3157 505 3234 frigora
519 3169 603 3233 atque
617 3168 702 3216 aestus
715 3157 846 3214 vitandos
860 3157 1019 3225 aedificent3
1040 3175 1077 3212 ne
1087 3175 1145 3230 qua

120 3249 226 3307 oriatur
240 3249 370 3324 pecuniae
386 3249 526 3324 cupiditas
535 3269 542 3319 ;
564 3249 671 3324 quiex
691 3267 722 3306 re
742 3248 881 3305 factiones
895 3247 1145 3319 dissensionesque

120 3333 294 3398 nascuntur:
316 3349 347 3398 ut
372 3339 458 3397 animi
482 3340 615 3414 aequitate
638 3339 752 3415 plebem
773 3339 949 3409 contineant,
971 3356 1058 3412 quum
1078 3355 1145 3393 suas

121 3431 240 3508 quisque
254 3449 322 3506 opes
337 3449 402 3487 cum
416 3431 619 3506 potentissimis
633 3430 738 3506 aeqnari
752 3429 854 3486 videat.

160 3523 276 3581 XXIII.
305 3523 476 3578 Civitatibus
490 3523 613 3579 maxima
625 3523 687 3579 laus
701 3533 743 3579 est
758 3521 843 3596 qnam
862 3519 1014 3577 latissimas
1035 3518 1144 3574 circum

120 3636 150 3675 se
171 3615 287 3673 vastatis
308 3614 413 3670 finibus
433 3613 601 3670 solitudines
622 3613 734 3670 habere.
777 3613 843 3668 Hoc
863 3611 1010 3685 proprium
1034 3608 1145 3664 virtutis

120 3709 294 3778 existimant,
317 3707 449 3782 expulsos
475 3705 549 3780 agris
573 3703 708 3760 finitimos
730 3704 843 3772 cedere,
858 3720 952 3776 neque
974 3717 1145 3774 quemquam
1208 3761 1210 3764 ¹

120 3799 208 3876 propri
238 3802 342 3858 audere
367 3797 540 3857 consistere:
576 3795 660 3853 simul
690 3796 745 3852 hoc
774 3814 806 3852 se
839 3796 900 3852 sore
926 3793 1046 3850 tutiores
1074 3791 1142 3848 arbi·

121 3899 242 3960 trantur,
262 3891 417 3966 repentina
439 3877 611 3944 incursionis
632 3885 734 3942 timore
756 3877 892 3941 sublato(
916 3883 1018 3944 Quum
1040 3875 1145 3939 bellum
