2578 4270
176 222 243 272 Otr.
259 221 357 286 9-12.]
554 215 663 268 LIBER
683 215 826 268 PRIMUS.
1187 219 1207 280 9

176 363 321 436 studebat,
336 373 366 422 et
383 359 470 439 qudm
489 361 628 439 plurimas
648 361 779 420 civitates
797 379 852 419 suo
871 358 1014 418 beneficio
1033 357 1139 416 habere
1159 359 1208 416 ob-

176 441 292 514 strictas
304 455 426 512 volebat.
455 453 569 528 ¹Itaque
590 471 652 512 rem
672 453 802 528 suscipit,
817 462 846 510 et
866 471 883 510 a
903 450 1046 526 Sequanis
1064 450 1206 526 impetrat,

177 557 209 603 ut
222 565 273 622 per
287 545 359 603 lines
379 563 447 602 suos
467 544 616 602 Helvetios
636 544 678 603 ire
700 545 857 620 patiantur,
872 543 1044 618 obsidesque
1067 540 1109 598 uti
1132 542 1206 598 inter

177 655 241 694 sese
261 637 339 709 dent,
360 635 493 712 perficit:
514 635 652 716 Sequani,
667 653 705 694 ne
725 635 828 692 itinere
848 633 998 692 Helvetios
1017 632 1205 710 prohibeant:

178 727 315 799 Helvetii,
329 738 362 784 ut
375 727 437 784 sine
451 726 593 784 maleficio
607 737 636 784 et
649 725 754 802 injurii
767 735 922 783 transeant

194 819 257 876 '‘X.
285 819 393 876 Caesari
414 817 600 875 renunciatur
622 816 764 876 Helvetiis
787 835 851 876 esse
871 816 902 873 in
924 814 1020 872 animo
1039 832 1091 890 per
1106 833 1206 892 agrum

179 910 380 984 Sequanorum
399 919 429 966 et
450 908 613 986 AEduogum
635 908 689 971 iter
709 907 741 964 in
763 908 925 965 Santonum
945 905 1017 964 fines
1036 906 1143 978 lacere,
1157 907 1206 980 qui

178 1019 236 1056 non
249 998 337 1077 longe
352 1019 369 1056 a
382 999 564 1082 Tolosatium
578 999 683 1056 finibus
698 998 812 1069 absunt,
827 1017 890 1072 quae
911 997 1012 1054 civitas
1031 1007 1076 1053 est
1095 997 1126 1053 in
1143 1015 1207 1071 pro·

126 1132 129 1140 ,
178 1091 282 1148 vinciri.
323 1090 358 1148 Id
371 1091 396 1148 si
410 1091 500 1162 fieret,
515 1089 694 1166 intelligebat
707 1107 814 1166 magno
828 1107 895 1146 cum
908 1087 1063 1164 provinciae
1076 1087 1207 1162 periculo

178 1181 318 1253 futurum,
330 1192 362 1238 ut
371 1181 510 1238 homines
531 1181 694 1252 bellicosos,
706 1179 806 1256 populi
827 1179 955 1236 Romani
976 1178 1119 1250 inimicos,
1133 1178 1206 1234 locis

176 1273 340 1350 putentibus
354 1271 537 1347 maximeque
551 1271 744 1330 frumentariis
764 1270 901 1328 finitimos
921 1270 1046 1328 haberet.
1088 1268 1137 1325 Ob
1157 1287 1206 1325 eas

177 1383 279 1421 causas
302 1363 330 1421 ei
351 1363 515 1435 munitioni,
530 1383 616 1438 quam
631 1364 746 1434 lecerat,
760 1361 798 1420 T.
820 1361 982 1420 Labienum
995 1361 1122 1437 legatum
1135 1380 1206 1438 prra-

177 1455 262 1514 fecit:
284 1455 345 1532 ipse
360 1455 389 1512 in
402 1454 516 1512 Italiam
536 1454 648 1531 magnis
669 1454 821 1512 itineribus
841 1452 1000 1532 ¹contendit,
1015 1453 1144 1528 duasque
1165 1453 1204 1510 ibi

160 1548 305 1625 legiones
319 1548 487 1620 conscribit,
502 1558 531 1605 et
543 1558 611 1618 tres,
626 1567 689 1622 quae
711 1547 822 1604 circum
843 1545 1009 1620 Aquileiam
1029 1545 1204 1618 hiemabant,

176 1657 212 1696 ex
225 1639 354 1714 hibernis
367 1638 476 1708 educit,
491 1649 528 1708 et,
543 1637 601 1711 quia
613 1638 775 1712 proximum
790 1638 843 1694 iter
857 1637 887 1692 in
901 1636 1067 1694 ulteriorem
1080 1637 1204 1694 Galliam

175 1748 226 1804 per
241 1729 333 1802 Alpes
346 1737 416 1798 erat,
431 1745 499 1783 cum
512 1727 558 1783 his
571 1728 698 1801 quinque
716 1727 878 1803 legionibus
899 1726 941 1783 ire
961 1727 1117 1784 contendit.
1159 1727 1202 1785 Ibi

177 1819 338 1891 Ceutrones
352 1829 380 1876 et
394 1817 540 1876 Graioceli
554 1828 583 1875 et
597 1817 760 1894 Caturiges,
775 1817 847 1874 locis
867 1817 1062 1893 superioribus
1081 1837 1193 1894 occupa

175 1911 222 1981 tis,
251 1909 354 1966 itinere
379 1908 538 1966 exercitum
563 1909 715 1985 prohibere
737 1919 885 1966 conantur.
928 1908 1133 1987 Compluribus
1159 1910 1204 1968 his

174 2001 283 2077 proeliis
305 2001 405 2076 pulsis,
434 2000 470 2056 ab
491 1999 594 2071 Ocelo,
617 2001 693 2076 quod
713 2011 757 2058 est
777 2001 918 2057 citerioris
937 2000 1092 2076 provinciae
1113 2011 1204 2058 extre-

176 2111 264 2162 mum,
286 2091 316 2148 in
342 2091 415 2148 fines
441 2089 650 2148 Vocontiorum
674 2091 817 2149 ulterioris
837 2092 992 2166 provincia
1014 2092 1061 2150 die
1082 2093 1204 2167 septimo

128 2248 132 2256 1
174 2182 320 2258 pervenit:
341 2182 408 2240 inde
423 2182 453 2239 in
468 2182 658 2259 Allobrogum
672 2183 761 2254 fines3
785 2185 820 2240 ab
833 2183 1040 2258 Allobrogibus
1061 2183 1091 2239 in
1113 2183 1204 2260 Segu-

174 2273 270 2330 siauos
283 2273 441 2332 exercitum
456 2273 543 2331 ducit.
586 2274 627 2330 Hi
641 2286 707 2332 sunt
726 2286 805 2332 extra
818 2274 1089 2350 provinciam-trans
1103 2273 1204 2331 Rhod-

176 2383 261 2421 anum
274 2365 368 2442 primi.

214 2456 268 2514 XI.
296 2456 423 2514 Helvetii
449 2455 508 2530 jam
534 2475 585 2530 per
608 2456 753 2532 angustias
773 2467 802 2512 et
822 2455 893 2513 fines
915 2457 1115 2530 Sequanorum
1136 2478 1203 2516 suas

174 2547 272 2622 copias
285 2546 515 2625 transduprerant,
530 2556 558 2601 et
572 2546 602 2602 in
617 2547 779 2612 AEduorum
793 2546 865 2602 lines
878 2558 1077 2620 pervenerant,
1092 2538 1203 2606 eorum·

174 2657 230 2712 qne
246 2656 328 2713 agros
340 2635 559 2712 populabantur.
601 2636 701 2706 AEdui,
717 2655 805 2709 quum
820 2655 850 2693 se
871 2655 980 2710 suaque
1001 2639 1036 2695 ab
1057 2638 1093 2696 iis
1107 2639 1203 2697 deferr-

174 2731 242 2792 dere
262 2747 320 2786 non
344 2737 470 2803 possent,
484 2726 594 2804 legatos
618 2727 653 2784 ad
676 2727 821 2784 Caesarem
842 2727 959 2785 mittunt
982 2741 1114 2806 rogatum
1136 2751 1203 2788 aux·

175 2820 276 2877 ilium:
297 2827 306 2853 ⁴
317 2820 356 2876 ita
370 2837 401 2876 se
415 2818 493 2876 omni
508 2813 634 2895 tempore
653 2819 689 2876 de
709 2819 816 2894 populo
835 2801 972 2876 Romano
992 2823 1108 2880 meritos
1128 2842 1201 2894 esse,

174 2922 206 2967 ut
220 2930 302 2986 paene
317 2911 346 2968 in
363 2921 520 2988 conspectu
534 2911 677 2969 exercitiis
691 2911 781 2968 nostri
796 2911 856 2988 agri
871 2911 983 2983 vastari,
997 2912 1081 2970 liberi
1102 2933 1207 2990 eorum¹

175 3002 203 3060 in
218 3002 382 3060 servitutem
398 3002 512 3073 abduci,
527 3003 632 3077 oppida
643 3002 799 3077 expugnari
810 3021 868 3058 non
879 3002 1048 3061 debuerint!
1090 3004 1201 3062 Eodem

173 3105 300 3168 tempore
314 3093 404 3152 AEdui
419 3093 565 3163 Ambarri,
579 3092 736 3148 necessarii
750 3102 779 3150 et
799 3094 1007 3169 consanguinei
1028 3095 1200 3170 AEduorum,

174 3185 318 3242 Caesarsm
333 3185 486 3240 certiorem
507 3182 617 3239 faciunt
631 3188 722 3254 ‘sese,
737 3183 915 3260 depopulatis
936 3184 1021 3260 agris,
1035 3204 1094 3242 non
1115 3184 1200 3243 facile

121 3322 124 3327 .
175 3278 209 3333 ab
223 3276 335 3351 oppidis
349 3275 406 3331 vim
421 3273 547 3330 hostium
560 3273 712 3348 prohibere
725 3276 751 3331 :'
773 3274 842 3332 itam
856 3275 1038 3352 Allobroges,
1053 3277 1103 3351 qui
1123 3287 1202 3334 trans

174 3367 351 3424 Rhodanum
366 3365 445 3422 vicos
455 3365 706 3440 possessionesque
716 3365 869 3437 habebant,
882 3366 950 3442 sugit
962 3386 993 3424 se
1007 3367 1042 3423 ad
1057 3367 1201 3425 Caesarem

174 3458 327 3532 recipiunt,
352 3465 381 3512 et
402 3455 599 3513 demonstrant
620 3456 695 3515 ‘sibi
718 3467 821 3532 praeter
844 3457 904 3534 agri
927 3458 1019 3515 solum
1042 3459 1114 3516 nihil
1138 3475 1201 3514 esse

173 3547 293 3624 reliqui!
335 3546 453 3607 Quibus
466 3548 553 3604 rebus
568 3547 709 3606 adductus
723 3548 821 3606 Caesar
834 3568 893 3606 non
914 3550 1125 3625 expectandum
1145 3547 1200 3606 sibi

173 3640 282 3710 statuit,
297 3637 366 3694 dum
380 3637 514 3694 omnibus
528 3638 649 3697 fortunis
660 3640 804 3698 sociorum
818 3640 1005 3716 consumptis,
1017 3639 1047 3696 iu
1058 3640 1201 3698 Santones

174 3729 300 3791 Helvetii
314 3727 505 3805 pervenirent.

183 3873 185 3878 .
212 3821 282 3879 Xll.
311 3820 434 3878 Flumen
447 3830 491 3878 est
504 3821 589 3893 Arar,
601 3823 681 3897 ,quod
694 3843 745 3898 per
770 3822 841 3880 fines
860 3822 1021 3880 AEduorum
1039 3833 1070 3881 et
1093 3824 1202 3896 Sequa·
