2578 4270
131 275 169 354 tl
457 292 506 348 un
529 293 645 344 aeaco
668 293 828 344 cancico
992 295 1073 360 [crs.
1090 295 1168 345 s-s.

132 436 167 492 ad
190 435 333 492 Cesaram
355 434 467 494 mittere
487 436 637 494 audebant.
679 436 714 493 ld
736 437 842 494 facturn
863 455 898 493 ex
921 437 979 494 suis
999 437 1167 511 hospitibus

132 527 228 582 Caesar
250 539 430 602 cognoverat.
473 527 526 584 Ille
548 529 681 584 omnibus
701 527 793 602 primo
815 527 951 602 precibus
972 539 1071 602 petere
1094 547 1167 582 con-

131 617 232 687 tendit,
248 628 278 672 ut
293 618 322 672 in
342 618 437 674 Gallia
458 619 683 692 relinqueretur;
705 619 818 692 partim,
833 617 910 692 quod
932 619 1063 674 insuetus
1083 618 1166 673 navi-

131 707 217 784 gandi
233 725 309 764 mare
323 708 445 777 timeret,
459 709 573 783 partim,
588 708 665 781 quod
687 709 873 784 religionibus
894 727 956 764 sese
978 709 1089 764 diceret
1111 709 1165 763 irn-

131 797 231 872 pediri.
273 797 460 872 Posteaquam
484 799 512 855 id
534 797 677 855 obstinatd
705 799 760 854 sibi
782 799 881 874 negari
901 799 980 868 vidit,
1009 799 1088 854 omni
1111 817 1164 871 spe

132 887 465 964 impetrandi-adempta,
479 890 624 964 principes
644 889 746 944 Galliae
767 889 932 958 sollicitare,
947 907 1082 944 sevocare
1105 889 1164 944 sin·

132 978 214 1054 gulos
229 979 390 1052 hortarique
405 980 501 1054 coepit,
517 978 557 1035 uti
573 979 602 1036 in
617 979 777 1035 continenti
791 990 990 1047 remanerent;
1012 990 1091 1035 metu
1106 991 1163 1034 ter-

133 1069 227 1138 ritare,
243 1075 318 1124 ‘non
332 1070 394 1124 sinc
409 1071 496 1125 causa
511 1069 581 1138 lieri,
597 1079 628 1125 ut
641 1069 736 1125 Gallia
756 1063 837 1125 omni
856 1069 1004 1125 nobilitate
1025 1069 1164 1143 spoliare·

132 1169 196 1215 tur:
219 1159 247 1214 id
269 1177 331 1215 esse
354 1159 505 1215 consilium
528 1159 659 1229 Caesaris,
676 1171 716 1228 ut,
732 1179 803 1232 quos
826 1160 854 1214 in
878 1171 1034 1233 conspectu
1057 1159 1162 1214 Galliae

133 1249 293 1306 interlicere
320 1261 474 1320 vereretur,
502 1249 553 1305 hos
580 1269 679 1306 omnes
706 1251 735 1306 in
771 1250 948 1306 Britanniam
976 1249 1163 1304 transductus

132 1341 284 1396 necaretz'
306 1339 390 1395 fidem
405 1341 521 1412 reliquis
543 1340 732 1414 interponere,
751 1340 950 1414 jusjurandum
971 1357 1102 1414 poscere,
1119 1350 1161 1407 ut,

132 1430 207 1503 quod
229 1448 291 1487 esse
311 1449 346 1486 ex
370 1449 422 1485 usu
445 1430 546 1486 Gallim
569 1431 784 1499 intellexissent,
801 1430 946 1485 communi
970 1430 1092 1486 consilio
1114 1429 1164 1483 ad-

132 1522 332 1577 ministrarent.
376 1520 449 1576 llrac
464 1539 480 1575 a
494 1520 689 1594 compluribus
704 1520 738 1576 ad
754 1521 897 1576 Cesaram
913 1520 1123 1576 deserebantur.

171 1611 237 1668 vll.
265 1611 336 1672 Qua
359 1630 390 1668 re
411 1611 537 1686 cognita,
559 1611 665 1680 Cesar,
688 1609 765 1684 quod
787 1623 897 1666 tanturn
923 1611 1031 1666 civitati
1054 1609 1161 1666 AEduae

132 1702 279 1778 dignitatis
302 1703 449 1771 tribuerat,
475 1701 668 1756 coercendum
694 1713 778 1774 atque
803 1701 1013 1770 deterrendum,
1043 1702 1163 1773 quibus-

133 1811 255 1866 cumque
270 1793 354 1848 rebus
367 1803 471 1866 posset,
487 1791 694 1866 Dumnorigem
709 1791 860 1860 statuebat,
876 1789 952 1864 quod
967 1789 1082 1865 longius
1097 1791 1162 1866 ejus

134 1883 285 1938 amentiam
300 1883 432 1959 progredi
447 1883 570 1950 videbat,
584 1881 828 1956 prospiciendum,
843 1899 880 1936 ne
895 1881 963 1955 quid
978 1882 1033 1936 sibi
1049 1899 1082 1936 ac
1105 1882 1162 1937 rei·

132 1972 255 2045 publicar
270 1992 375 2028 nocere
391 1984 494 2047 posset,
536 1972 636 2045 Itaque
658 1973 719 2027 dies
739 1971 853 2027 circiter
874 1971 962 2026 XXV
985 1973 1012 2027 in
1036 1991 1071 2027 eo
1092 1972 1161 2027 loco

133 2073 334 2131 commoratae,
349 2062 424 2135 qubd
441 2064 533 2119 Corus
555 2075 655 2119 ventus
675 2063 886 2137 navigationem
910 2062 1092 2136 impediebat,
1108 2063 1159 2135 qui

133 2170 266 2226 magnam
286 2163 396 2226 partem
417 2154 510 2209 omnis
531 2155 666 2228 temporis
691 2154 719 2209 in
745 2154 788 2208 his
812 2153 884 2208 locis
908 2152 976 2208 flare
998 2154 1157 2222 consucvit,

133 2243 218 2297 dabat
232 2261 357 2315 operam,
367 2253 398 2298 ut
413 2243 441 2296 in
454 2243 548 2297 officio
560 2244 766 2318 Dumnorigem
779 2244 948 2312 contineret,
958 2244 1049 2298 nihilo
1060 2255 1158 2299 tamen

133 2330 228 2388 secius
242 2331 336 2388 omnia
352 2332 412 2407 ejus
427 2333 546 2388 consilia
567 2345 772 2409 cognosceret:
793 2335 918 2404 tandem,
935 2335 1066 2389 idoneam
1086 2345 1159 2389 tenr-

132 2434 268 2498 pestatem
283 2434 394 2492 nactus,
410 2424 513 2479 milites
528 2425 693 2497 equitesque
708 2425 901 2480 conscendere
917 2425 946 2480 in
961 2443 1047 2480 naves
1066 2424 1156 2498 jobet.

132 2515 182 2585 At,
198 2515 324 2571 omnium
341 2515 484 2590 impeditis
500 2514 610 2583 animis,
627 2515 787 2570 Dumnorix
802 2533 868 2569 cum
883 2515 1027 2587 equitibus
1048 2515 1158 2570 AEduo-

132 2627 193 2662 rum
210 2628 225 2664 a
240 2608 349 2676 castris,
366 2607 504 2662 insciente
520 2606 643 2673 Cnsare,
659 2606 774 2659 domum
786 2605 934 2660 discedere
950 2606 1043 2679 coepit.
1084 2605 1155 2664 Qua

132 2717 162 2754 re
190 2699 336 2767 nunciata,
365 2697 472 2767 Casar,
501 2696 662 2772 intermissa
695 2695 883 2768 proiectione,
913 2707 996 2769 atque
1024 2697 1157 2751 omnibus

132 2788 217 2842 rebus
229 2788 401 2859 postpositis,
417 2806 548 2862 magnam
569 2795 678 2860 partem
700 2786 844 2858 equitatus
867 2786 901 2840 ad
918 2805 986 2863 pum
1007 2787 1158 2858 insequen-

132 2876 200 2929 dum
226 2876 320 2942 mittit,
344 2877 505 2947 retrahique
528 2877 665 2949 imperat:
694 2876 717 2931 si
740 2876 795 2931 vim
819 2877 914 2946 faciat,
934 2895 1026 2950 neque
1048 2887 1155 2950 pareat,

133 2965 254 3020 interfici
266 2965 362 3038 jubet:
385 2965 453 3019 nilril
470 2966 555 3034 hunc,
571 2984 601 3021 se
617 2966 742 3034 absente,
757 2987 809 3040 pro
828 2987 898 3022 sano
920 2968 1060 3022 lucturum
1083 2968 1157 3021 arbi-

133 3066 231 3123 tratuS,
248 3055 295 3127 qui
309 3054 455 3128 presentis
470 3056 619 3129 imperium
634 3057 812 3130 neglexisset.
855 3057 907 3112 Ille
919 3058 995 3112 enim
1007 3069 1156 3113 revocatus

133 3145 264 3200 resistere
288 3163 321 3198 ac
350 3161 379 3199 se
401 3163 487 3199 manu
512 3147 664 3202 defendere
693 3165 865 3219 suorumque
893 3147 977 3202 fidem
1006 3147 1156 3221 implorare

134 3235 229 3308 erepit,
252 3253 326 3307 sape
350 3234 498 3290 clamitans
522 3237 662 3291 ‘liberum
685 3255 725 3304 se,
750 3237 904 3308 liberaque
927 3237 1050 3292 civitatis
1074 3239 1155 3294 esse.'

102 3308 121 3345 ⁸
134 3323 190 3393 Illi,
205 3335 236 3380 ut
250 3335 309 3380 erat
325 3324 503 3397 imperatum,
519 3326 734 3381 circumsistunt
748 3327 903 3394 hominem,
920 3337 1003 3398 atque
1023 3327 1157 3384 interfici-

134 3425 203 3482 unt3
227 3424 254 3469 at
268 3413 356 3469 AEdui
371 3414 480 3485 equites
496 3415 529 3468 ad
548 3415 692 3470 Caesarem
707 3435 805 3471 omnes
819 3425 1007 3472 revertuntur.

173 3503 255 3560 VIlI.
285 3503 340 3558 His
363 3505 446 3558 rebus
471 3504 567 3578 gestie,
584 3504 712 3560 Labieno
737 3506 765 3561 in
790 3506 955 3561 continente
980 3525 1045 3560 curn
1067 3506 1157 3562 tribus

133 3595 294 3671 legionibus
309 3603 337 3648 et
351 3594 478 3666 equitum
491 3594 615 3649 millibus
627 3595 737 3651 duobus
748 3597 858 3664 relicto,
871 3608 901 3650 ot
911 3607 1009 3669 portus
1020 3606 1156 3666 tueretur,

135 3698 163 3742 et
176 3705 235 3742 rem
255 3682 468 3741 frumentariam
488 3685 659 3757 provideret,
674 3705 793 3758 qumque
815 3688 843 3741 in
864 3687 959 3741 Galliri
981 3698 1156 3760 gererentur,

136 3787 330 3850 cognosceret,
346 3774 554 3846 consiliumque
567 3793 619 3848 pro
640 3785 766 3847 tempore
787 3787 814 3831 et
835 3795 886 3848 pro
907 3794 937 3830 re
959 3789 1083 3849 caperet,
1098 3777 1158 3850 ipse

136 3881 203 3918 cum
217 3866 343 3938 quinque
356 3865 518 3940 legionibus
532 3874 560 3919 et
573 3863 635 3937 pari
649 3881 769 3920 numero
782 3866 920 3936 equitum,
935 3883 1020 3937 quem
1042 3867 1071 3922 in
1093 3885 1158 3924 con·
