2566 4270
106 305 191 354 οι».
206 303 319 368 ecee]
490 303 597 352 nisan
618 279 784 362 enindus.
1113 307 1156 370 ῃ

106 447 210 504 briae
224 457 354 522 peraeto,
369 445 447 522 qudd
461 464 497 504 eo
511 465 587 503 anno
600 446 774 504 frumentum
790 445 820 503 in
826 445 929 504 *Gallia
942 455 1057 523 propter
1070 448 1155 508 sicci-

108 548 197 596 tates
222 537 372 614 angustius
391 549 569 612 provenerat,
591 548 709 593 coactus
733 548 776 594 est
799 539 879 594 aliter
902 557 935 594 ac
959 540 1153 613 superioribus

109 631 208 686 annis
232 630 389 686 exercitum
413 629 443 684 in
465 627 592 684 hibernis
617 629 769 698 collocare,
797 629 982 704 legionesque
1005 631 1035 686 in
1056 630 1153 704 plnres

108 721 255 778 civitates
277 720 466 776 distribuere:
488 737 522 776 ex
547 720 650 792 quibus
672 739 758 775 unam
784 721 814 776 in
838 719 969 776 Morinos
989 720 1152 778 ducendam

109 812 157 867 C.
174 811 267 867 Fabio
279 811 375 886 legato
388 810 483 879 dedit;
506 809 623 865 alteram
635 811 664 866 in
678 809 801 867 Nervios
811 811 851 872 Q.
864 811 1017 880 Ciceroni3
1037 811 1152 868 tertiam

111 903 152 959 in
169 902 277 958 Essuos
299 901 331 957 L.
347 901 478 969 Rosci0;
500 911 630 973 quartam
650 901 681 956 in
703 900 806 957 Remis
830 920 896 957 cum
917 901 955 958 T.
971 901 1101 959 Labieno
1120 901 1152 959 in

111 992 250 1049 confinio
263 991 451 1048 Trevirorum
472 991 599 1046 hiemare
615 990 716 1064 jussit3
738 1001 795 1047 tres
816 991 845 1048 in
865 991 968 1066 Belgio
981 992 1150 1050 collocavit:

110 1083 169 1139 his
191 1082 232 1139 M.
255 1083 392 1138 Crassum
416 1091 596 1155 questorem,
610 1092 638 1138 et
662 1081 695 1138 L.
715 1080 879 1138 Munatium
903 1081 1044 1139 Plancum
1067 1094 1096 1140 et
1116 1082 1150 1141 C.

110 1173 305 1230 Trebonium
326 1174 435 1249 legatos
454 1172 592 1246 praefecit.
633 1172 728 1228 Unam
748 1173 902 1248 legionem,
917 1192 1002 1247 quam
1022 1171 1151 1248 proximd

110 1275 203 1322 trans
221 1263 333 1320 Padum
353 1264 571 1336 conscripserat,
586 1274 615 1320 et
636 1263 769 1320 cohortes
790 1265 916 1337 quinque
937 1265 967 1320 in
989 1264 1150 1335 Eburones,

112 1373 245 1430 quorum
265 1374 332 1430 pars
355 1354 480 1410 maxima
500 1365 544 1410 est
565 1354 638 1410 inter
662 1353 776 1410 Mosam
801 1373 835 1410 ac
856 1353 1004 1426 Rhenum,
1024 1354 1074 1429 qui
1095 1355 1151 1414 sub

111 1446 245 1521 imperio
258 1446 436 1521 Ambiorigis
450 1456 479 1501 et
493 1445 634 1502 Cativolci
648 1456 738 1515 erant,
753 1446 839 1502 misit.
882 1445 937 1502 His
957 1446 1095 1502 militibus
1107 1446 1149 1507 Q,

112 1537 271 1594 Titurium
286 1537 426 1593 Sabinum
441 1546 470 1593 et
483 1536 516 1592 L.
532 1537 763 1593 Aurunculeium
777 1537 891 1594 Cottam
906 1538 1015 1612 legatos
1027 1555 1150 1612 preesse

111 1629 212 1704 jussit.
255 1628 303 1684 Ad
318 1628 395 1683 hunc
410 1627 526 1684 modum
540 1627 698 1684 distributis
712 1628 882 1703 legionibus,
895 1626 1031 1684 facillime
1046 1629 1150 1702 inopias

116 1720 315 1776 frumentariae
330 1738 393 1775 sese
407 1718 515 1774 mederi
529 1737 612 1792 posse
627 1719 813 1786 existimavit3
837 1730 921 1790 atque
940 1719 1040 1774 harum
1054 1730 1151 1776 tamen

115 1810 252 1868 omnium
276 1810 423 1884 legionum
448 1808 568 1865 hiberna
590 1807 706 1883 (praeter
730 1827 803 1876 eam,
824 1827 910 1881 quarn
934 1809 967 1864 L.
990 1808 1101 1866 Roscio
1122 1809 1151 1870 in

115 1901 335 1976 pacatissimam
350 1910 379 1956 et
392 1899 598 1973 quietissimam
611 1910 719 1973 partem
739 1899 901 1955 ducendam
922 1900 1053 1979 dederat)
1069 1901 1154 1959 millia
1239 1935 1247 1943 -

116 1993 177 2048 bus
202 2009 337 2066 passuum
364 2003 480 2048 centurn
501 1991 730 2047 continebantur.
772 1989 837 2064 Ipse
858 1991 976 2062 interea,
998 1993 1090 2067 quoad
1112 1994 1151 2050 le-

117 2083 223 2159 giones
249 2082 412 2152 collocatas,
440 2082 607 2157 munitaque
635 2081 755 2138 hiberna
780 2081 971 2158 cognovisset,
993 2082 1023 2140 in
1052 2084 1150 2142 Gallia

120 2174 228 2230 morari
249 2173 404 2230 constituit.

163 2264 261 2322 XXV.
289 2264 358 2320 Erat
385 2264 414 2329 in
439 2264 614 2321 Carnutibus
638 2283 751 2321 summo
776 2264 843 2322 loco
869 2277 954 2322 natus
981 2265 1149 2344 Tasgetius,

122 2355 206 2430 cujus
220 2355 341 2431 majores
354 2355 384 2411 in
398 2355 450 2411 sula
465 2355 580 2411 civitate
591 2373 711 2429 regnum
725 2355 915 2413 obtinuerant.
951 2357 1031 2413 Huic
1041 2359 1149 2430 Cesar,

121 2465 175 2520 pro
197 2446 259 2521 ejus
280 2447 384 2502 virtute
409 2457 494 2518 atque
517 2444 600 2499 inse
624 2444 832 2514 benevolentia,
856 2446 934 2519 quod
962 2447 991 2502 in
1018 2449 1151 2506 omnibus

122 2537 206 2594 bellis
220 2537 358 2612 singulari
371 2535 433 2609 ejus
447 2534 534 2606 operft
549 2533 641 2588 fuerat
655 2553 732 2602 usus,
748 2535 886 2609 majorum
905 2535 1002 2590 locum
1023 2539 1152 2594 restitue·

122 2638 175 2684 rat.
217 2627 350 2683 Tertium
370 2625 428 2698 jam
442 2624 521 2678 hunc
536 2640 641 2676 annum
656 2635 822 2698 regnantem
837 2624 947 2680 inimici
961 2623 1066 2696 paldm,
1081 2627 1152 2683 mul·

122 2720 161 2775 tis
176 2717 263 2773 etiam
277 2733 313 2771 ex
327 2715 442 2770 civitate
457 2712 631 2782 auctoribus,
647 2713 860 2770 interfecerunt.
903 2713 1037 2770 Defertur
1051 2733 1086 2771 ea
1106 2735 1151 2774 res

125 2808 162 2864 ad
177 2807 329 2862 Caesarem.
370 2804 423 2861 Ille
437 2804 552 2873 veritus
568 2802 645 2877 quod
661 2804 696 2860 ad
709 2805 806 2879 plures
818 2804 988 2878 pertinebat,
1000 2823 1036 2862 ne
1051 2806 1151 2866 civitas

124 2915 225 2955 eorum
250 2897 370 2971 impulsu
393 2895 538 2965 deficeret,
560 2887 592 2951 Ε.
608 2895 748 2952 Plancum
769 2914 835 2952 cum
856 2894 970 2970 legione
990 2913 1025 2952 ex
1049 2897 1151 2974 Belgio

125 2989 256 3046 celeriter
271 2988 300 3044 in
315 2987 456 3044 Carnutes
470 2987 613 3061 proficisci
625 2987 715 3061 jubet,
731 2987 828 3059 ibique
850 2985 995 3056 hiemare;
1017 3007 1150 3062 quorum·

125 3099 180 3154 qne
194 3079 279 3154 opera
294 3079 460 3155 cognoverit
474 3077 644 3153 Tasgetium
660 3076 851 3146 interfectum,
863 3077 915 3132 hos
929 3079 1150 3152 comprehensos

126 3173 160 3228 ad
185 3191 215 3228 se
242 3173 362 3228 mittere.
404 3170 524 3226 Interim
553 3169 588 3224 ab
612 3167 867 3242 omnibus-legatis
894 3168 1148 3242 quaestoribusque,

124 3263 228 3336 quibus
242 3263 368 3335 legiones
382 3259 583 3328 transdiderat,
598 3257 703 3314 certior
724 3257 817 3314 factus
837 3267 889 3328 est,
904 3258 934 3314 in
955 3259 1076 3317 hiberna
1087 3278 1150 3336 per·

123 3363 249 3420 ventum,
264 3352 416 3423 locumque
430 3348 557 3405 hibernis
571 3367 633 3404 esse
646 3348 796 3405 munitum.

164 3441 278 3498 XXVI.
306 3441 418 3496 Diebus
432 3439 546 3495 circiter
561 3438 630 3507 XV,
645 3439 748 3511 quibus
768 3439 798 3495 in
819 3439 939 3496 hiberna
958 3451 1075 3498 ventum
1096 3452 1148 3513 est,

124 3534 239 3592 initiu'm
253 3531 394 3605 repentini
409 3529 548 3586 tumultus
563 3548 597 3584 ac
611 3529 780 3586 defectionis
797 3541 891 3586 ortum
907 3541 950 3588 est
965 3533 1000 3587 ab
1016 3531 1151 3588 Ambior-

124 3625 171 3700 ige
186 3633 214 3680 et
228 3622 393 3678 Cativoloo:
416 3620 464 3694 qui
479 3639 566 3693 quum
579 3620 612 3676 ad
626 3619 697 3676 fines
710 3621 792 3694 regni
806 3621 851 3678 sui
873 3622 982 3677 Sabino
1000 3620 1151 3692 Cottaeque

122 3725 227 3793 praesto
255 3714 384 3780 fuissent,
417 3711 648 3784 frumentumque
682 3711 712 3766 in
739 3711 860 3768 hiberna
886 3707 1149 3783 comportavissent,

123 3804 313 3865 Indutiomari
335 3802 450 3860 Treviri
472 3801 587 3857 nunciis
608 3801 732 3875 impulsi,
751 3821 818 3858 suos
839 3800 1064 3866 concitaverunt,
1085 3799 1151 3856 sub·

125 3897 223 3972 itdque
237 3895 379 3972 oppressis
392 3891 590 3970 lignatoribus,
605 3891 711 3968 magna
733 3909 821 3948 manu
841 3898 936 3944 castra
954 3899 1150 3964 oppugnatum
