2578 4270
123 319 195 370 en.
212 319 293 382 r-a]
490 319 597 368 arran
618 319 795 378 ouanrus.
1116 324 1156 381 57

123 461 195 532 rint,
220 481 251 519 se
276 472 361 536 atque
385 461 447 518 illos
470 461 557 518 alunt.
599 461 641 518 Hi
664 481 763 519 rursus
790 461 913 518 invicem
938 480 1013 518 anuo
1032 461 1098 537 post
1125 463 1170 552 in·

125 554 216 608 armis
238 563 320 621 sunt3
343 553 384 608 illi
406 553 483 608 domi
507 565 663 609 remanent.
706 554 757 608 Sic
779 572 872 625 neque
897 553 1082 627 agricultura,
1100 572 1155 610 nec

124 644 202 699 ratio
227 654 312 716 atque
335 661 403 699 usus
428 644 494 699 belli
522 644 725 700 intermittitur.
770 644 828 700 Sed
849 644 950 718 privati
976 663 1009 699 ac
1032 645 1154 718 separati

126 734 191 809 agri
206 735 281 808 apud
294 753 343 790 eos
358 735 428 789 nihil
447 745 505 803 est;
525 753 621 808 neque
641 733 755 810 longius
778 753 853 790 anno
876 753 1023 791 remanere
1047 754 1104 791 uno
1124 735 1154 790 in

124 825 195 880 loco
209 825 353 881 incolendi
368 825 456 880 causa
469 825 545 882 licet.
587 824 691 898 Neque
705 826 827 882 multhm
842 826 994 894 frumento,
1009 826 1059 882 sed
1079 845 1155 881 max-

125 915 218 970 imam
240 926 350 988 partem
370 915 446 970 lacte
471 927 555 988 atque
578 933 682 989 pecore
706 915 813 984 vivunt,
837 914 1016 988 multhmque
1038 917 1154 972 suntin

125 1006 345 1062 venationibus:
367 1025 430 1078 quae
453 1023 497 1062 res
519 1017 547 1062 et
572 1006 630 1062 cibi
654 1023 759 1080 genere
783 1017 811 1061 et
832 1006 997 1079 quotidiana
1018 1007 1155 1062 exercita-

125 1095 209 1152 tione
228 1107 257 1153 et
274 1096 405 1153 libertate
426 1097 490 1152 vitae
506 1094 607 1170 (quod,
623 1115 639 1152 a
658 1097 755 1170 pueris
776 1097 856 1152 nullo
880 1097 975 1152 officio
999 1107 1048 1152 aut
1071 1097 1156 1152 disci·

123 1186 209 1262 plina
235 1187 396 1257 assuefacti,
424 1187 495 1244 nihil
520 1187 638 1243 omnino
659 1199 759 1243 contra
785 1187 959 1244 voluntatem
983 1187 1103 1264 faciant)
1126 1197 1155 1244 et

124 1275 204 1334 vires
226 1278 285 1347 alit,
310 1288 338 1334 et
360 1278 478 1334 immani
502 1297 654 1353 corporum
676 1278 874 1353 magnitudine
900 1278 1031 1334 homines
1057 1279 1152 1334 efficit.

124 1368 227 1442 Atque
242 1369 271 1423 in
286 1387 349 1424 eam
370 1387 400 1425 se
421 1369 657 1425 cousuetudinem
680 1369 869 1438 adduxerunt,
885 1379 917 1424 ut
938 1369 1010 1424 locis
1032 1369 1155 1444 frigidis·

124 1459 209 1515 simis
223 1477 316 1533 neque
330 1458 448 1518 vestitds
461 1471 562 1534 praeter
582 1460 671 1534 pelles
692 1460 815 1516 habeant
836 1460 1001 1534 quidquam,
1019 1459 1153 1534 (quarum

124 1561 243 1624 propter
257 1551 441 1626 exiguitatem
455 1570 559 1626 magna
573 1561 615 1607 est
629 1551 756 1624 corporis
769 1571 834 1625 pars
845 1541 970 1632 aperta),
982 1562 1011 1607 et
1024 1551 1154 1608 laventur

127 1641 160 1696 in
175 1641 349 1698 fluminibus.

168 1731 207 1788 11.
236 1727 447 1788 Mercatoribus¹
460 1741 503 1787 est
523 1731 558 1786 ad
582 1750 631 1788 eos
653 1731 746 1787 aditus
770 1730 861 1806 magis
882 1729 927 1799 ed,
943 1740 974 1785 ut
995 1749 1058 1802 quae
1078 1731 1155 1786 bello

127 1823 268 1896 ceperint,
284 1823 388 1896 quibus
402 1822 534 1891 vendant,
550 1821 683 1891 habeant,
699 1821 784 1895 quarn
799 1820 855 1894 qud
877 1821 964 1876 ullam
987 1837 1046 1876 rem
1069 1821 1102 1876 ad
1123 1839 1154 1878 se

127 1913 276 1987 importari
303 1912 482 1970 desiderent:
514 1912 582 1985 quin
610 1913 695 1968 etiam
724 1911 870 1987 jumentis,
899 1911 1003 1984 quibus
1031 1910 1152 1968 maxime

127 2004 224 2060 Gallia
237 2004 403 2073 delectatur,
419 2021 538 2077 quaeque
557 2003 686 2077 impenso
705 2014 807 2077 parant
827 2003 919 2076 pretio
939 2002 1087 2070 Germani,
1103 2003 1154 2057 im·

127 2094 247 2170 portatis
271 2094 300 2150 hi
322 2113 380 2150 non
402 2105 539 2150 utuntur:
561 2093 621 2163 sed,
643 2113 705 2167 quae
726 2103 793 2148 sunt
813 2093 886 2167 apud
907 2111 956 2148 eos
977 2105 1053 2160 nata,
1068 2111 1154 2166 parva

130 2197 215 2260 atque
239 2185 386 2255 deformia,
408 2185 470 2242 hrec
491 2185 657 2270 quotidiana
682 2183 894 2252 exercitatione,
916 2184 1020 2239 summi
1045 2196 1075 2238 ut
1096 2183 1153 2238 sint

129 2276 243 2346 laboris,
258 2277 393 2333 efficiunt.
436 2277 624 2350 Equestribus
637 2277 743 2350 proeliis
761 2294 836 2349 saepe
850 2293 884 2331 ex
905 2293 986 2348 equrs
1006 2274 1152 2343 desiliunt,

131 2387 165 2424 ac
190 2369 311 2443 pedibus
337 2369 513 2444 preliantur,
541 2385 687 2441 equosque
718 2368 818 2424 eodem
852 2385 999 2424 remanere
1033 2367 1154 2442 vestigio

130 2459 339 2528 assuefaciunt;
362 2459 397 2514 ad
421 2477 492 2531 quos
513 2476 544 2514 se
568 2458 708 2526 celeriter,
722 2476 810 2530 quum
832 2477 900 2512 usus
923 2470 976 2523 est,
991 2458 1151 2529 recipiunt:

128 2568 222 2622 neque
236 2567 336 2606 eorum
357 2549 484 2604 moribus
505 2546 616 2618 turpius
636 2546 790 2618 quidquam
813 2557 861 2602 aut
883 2547 1002 2602 inertius
1023 2547 1152 2616 hahetur,

129 2638 216 2713 qubrn
240 2637 382 2712 ephippiis
405 2636 455 2691 uti.
498 2635 599 2707 ltaque
624 2636 659 2690 ad
683 2636 811 2708 quemvis
834 2653 985 2690 numerum
1009 2635 1154 2709 ephippia-

129 2739 225 2786 torum
239 2727 368 2800 equitum
381 2725 509 2800 quamvis
522 2725 608 2799 pauci
623 2726 701 2781 adire
716 2725 829 2781 audent.
871 2725 979 2780 Vinum
1001 2725 1035 2780 ad
1050 2743 1081 2781 se
1095 2745 1153 2782 orn·

130 2818 201 2874 nino
214 2816 360 2891 importari
380 2835 437 2872 non
460 2816 566 2886 sinunt,
582 2815 658 2889 quod
682 2815 715 2872 erl
741 2833 771 2871 re
796 2815 831 2870 ad
854 2815 979 2871 laborem
1004 2816 1152 2874 ferendum

68 2933 74 2942 ·
129 2909 328 2965 remollescere
342 2907 471 2964 homines
486 2918 569 2981 atque
583 2907 741 2964 effeminari
757 2906 937 2962 arbitrantur.

168 2999 221 3056 III.
250 2997 369 3055 Publice
392 2999 544 3055 maximam
567 3009 668 3073 putant
689 3015 752 3054 esse
773 2997 887 3053 laudern
906 2997 991 3070 quam
1012 2998 1150 3055 latissime

130 3091 217 3146 asuis
231 3090 335 3146 finibus
348 3109 449 3146 vacare
465 3107 565 3165 agros:
588 3090 643 3144 hac
666 3105 697 3143 re
721 3088 876 3162 significari
897 3107 1032 3164 magnum
1054 3107 1152 3146 nume·

128 3200 191 3238 rum
206 3182 363 3238 civitatium
377 3200 458 3236 suam
474 3181 528 3235 vim
544 3179 685 3235 sustinere
703 3197 761 3234 non
781 3197 872 3252 posse.
915 3178 1014 3253 Itaque
1037 3181 1094 3236 anal
1116 3198 1151 3237 ex

127 3283 207 3346 parte
222 3291 238 3328 a
253 3273 354 3328 Suavis
369 3271 484 3328 circiter
498 3270 588 3325 millia
600 3287 735 3342 passuum
750 3269 804 3325 DC
817 3270 876 3344 agri
892 3289 991 3326 vacare
1006 3270 1148 3327 dicuntur.

128 3362 176 3416 Ad
193 3362 307 3417 alteram
325 3373 435 3435 partem
456 3360 616 3415 succedunt
636 3359 713 3429 Ubii,
729 3379 848 3432 quorum
871 3360 923 3416 luit
944 3361 1043 3418 civitas
1058 3361 1151 3434 ampla

130 3461 213 3524 atque
229 3451 341 3519 florem,
356 3461 387 3506 ut
401 3461 444 3506 est
465 3460 563 3523 captus
584 3450 802 3518 Germanorum,
818 3462 846 3506 et
867 3451 962 3524 paulo,
978 3451 1063 3524 quarn
1084 3461 1150 3508 sunt

129 3542 257 3615 ejusdem
278 3541 401 3616 generis,
416 3551 444 3596 et
468 3539 571 3596 ceteris
594 3541 785 3610 humaniores,
800 3552 949 3614 propterea
970 3540 1046 3614 quod
1072 3541 1151 3596 Rhe-

129 3651 198 3689 num
214 3631 365 3706 attingunt,
380 3629 558 3702 multumque
574 3631 608 3686 ad
627 3650 676 3687 eos
696 3643 868 3687 mercatores
889 3633 1037 3698 ventitant,
1053 3641 1081 3686 et
1096 3629 1149 3702 ipsi

127 3736 242 3800 propter
254 3722 493 3797 propinquitatem
511 3721 631 3778 Gallicis
652 3733 718 3778 sunt
737 3723 863 3779 moribus
886 3720 1044 3776 assuefacti.
1087 3718 1150 3776 Hos

128 3833 216 3890 quum
239 3813 336 3883 Suevi,
351 3812 448 3868 multis
469 3831 543 3886 saepe
566 3813 647 3869 bellis
667 3812 785 3886 experti,
800 3822 913 3886 propter
934 3808 1149 3882 amplitudinem

127 3906 351 3984 gravitatemque
365 3903 488 3962 civitatis
507 3902 612 3960 finibus
632 3903 773 3976 expellere
794 3917 852 3960 nou
871 3899 1039 3976 potuissent,
1053 3911 1149 3960 tamen
