<?xml version="1.0" encoding="UTF-8"?>
<!DOCTYPE html PUBLIC "-//W3C//DTD XHTML 1.0 Transitional//EN"
    "http://www.w3.org/TR/xhtml1/DTD/xhtml1-transitional.dtd">
<html xmlns="http://www.w3.org/1999/xhtml" xml:lang="en" lang="en">
 <head>
  <title>
</title>
<meta http-equiv="Content-Type" content="text/html;charset=utf-8" />
  <meta name='ocr-system' content='tesseract 3.04.00' />
  <meta name='ocr-capabilities' content='ocr_page ocr_carea ocr_par ocr_line ocrx_word'/>
</head>
<body>
  <div class='ocr_page' id='page_1' title='image "./cjuliuscaesarsc00caesgoog_0055.png"; bbox 0 0 2578 4270; ppageno 0'>
   <div class='ocr_carea' id='block_1_1' title="bbox 128 309 1170 383">
    <p class='ocr_par' dir='ltr' id='par_1_1' title="bbox 128 309 1170 383">
     <span class='ocr_line' id='line_1_1' title="bbox 128 309 1170 383; baseline 0.019 -28"><span class='ocrx_word' id='word_1_1' title='bbox 128 310 204 356; x_wconf 69' lang='lat' dir='ltr'>Lar.</span> <span class='ocrx_word' id='word_1_2' title='bbox 221 309 333 371; x_wconf 80' lang='lat'><strong>³1-33.]</strong></span> <span class='ocrx_word' id='word_1_3' title='bbox 493 311 598 361; x_wconf 87' lang='lat' dir='ltr'>LIBER</span> <span class='ocrx_word' id='word_1_4' title='bbox 620 315 817 364; x_wconf 72' lang='lat' dir='ltr'>succubus.</span> <span class='ocrx_word' id='word_1_5' title='bbox 892 355 894 360; x_wconf 86' lang='lat'>-</span> <span class='ocrx_word' id='word_1_6' title='bbox 1131 320 1170 383; x_wconf 69' lang='grc'>43</span> 
     </span>
    </p>
   </div>
   <div class='ocr_carea' id='block_1_2' title="bbox 67 451 1168 3972">
    <p class='ocr_par' dir='ltr' id='par_1_2' title="bbox 129 451 1168 1604">
     <span class='ocr_line' id='line_1_2' title="bbox 130 451 1168 534; baseline 0.016 -28"><span class='ocrx_word' id='word_1_7' title='bbox 130 451 212 506; x_wconf 69' lang='lat' dir='ltr'>nova</span> <span class='ocrx_word' id='word_1_8' title='bbox 237 461 324 525; x_wconf 86' lang='lat' dir='ltr'>atque</span> <span class='ocrx_word' id='word_1_9' title='bbox 339 453 476 509; x_wconf 70' lang='lat' dir='ltr'>inusitata</span> <span class='ocrx_word' id='word_1_10' title='bbox 498 457 594 529; x_wconf 89' lang='lat' dir='ltr'>specie</span> <span class='ocrx_word' id='word_1_11' title='bbox 615 460 761 529; x_wconf 90' lang='lat' dir='ltr'>commoti,</span> <span class='ocrx_word' id='word_1_12' title='bbox 777 460 885 534; x_wconf 72' lang='lat' dir='ltr'>legates</span> <span class='ocrx_word' id='word_1_13' title='bbox 910 463 943 516; x_wconf 60' lang='lat' dir='ltr'>ud</span> <span class='ocrx_word' id='word_1_14' title='bbox 966 464 1110 520; x_wconf 72' lang='lat' dir='ltr'>Caesarem</span> <span class='ocrx_word' id='word_1_15' title='bbox 1132 467 1168 524; x_wconf 88' lang='lat' dir='ltr'>de</span> 
     </span>
     <span class='ocr_line' id='line_1_3' title="bbox 129 544 1167 618; baseline 0.013 -22"><span class='ocrx_word' id='word_1_16' title='bbox 129 561 209 616; x_wconf 88' lang='lat' dir='ltr'>pace</span> <span class='ocrx_word' id='word_1_17' title='bbox 224 544 373 614; x_wconf 89' lang='lat' dir='ltr'>miserunt,</span> <span class='ocrx_word' id='word_1_18' title='bbox 389 546 447 618; x_wconf 89' lang='lat' dir='ltr'>qui,</span> <span class='ocrx_word' id='word_1_19' title='bbox 461 546 496 601; x_wconf 89' lang='lat' dir='ltr'>ad</span> <span class='ocrx_word' id='word_1_20' title='bbox 511 547 588 602; x_wconf 88' lang='lat' dir='ltr'>hunc</span> <span class='ocrx_word' id='word_1_21' title='bbox 603 550 719 605; x_wconf 92' lang='lat' dir='ltr'>modum</span> <span class='ocrx_word' id='word_1_22' title='bbox 733 551 838 608; x_wconf 83' lang='lat' dir='ltr'>leonti:</span> <span class='ocrx_word' id='word_1_23' title='bbox 863 553 945 606; x_wconf 64' lang='lat' dir='ltr'>‘Nan</span> <span class='ocrx_word' id='word_1_24' title='bbox 961 573 991 608; x_wconf 87' lang='lat' dir='ltr'>se</span> <span class='ocrx_word' id='word_1_25' title='bbox 1006 556 1167 611; x_wconf 84' lang='lat' dir='ltr'>existimare</span> 
     </span>
     <span class='ocr_line' id='line_1_4' title="bbox 133 633 1167 717; baseline 0.012 -28"><span class='ocrx_word' id='word_1_26' title='bbox 133 633 290 691; x_wconf 86' lang='lat' dir='ltr'>Romanos</span> <span class='ocrx_word' id='word_1_27' title='bbox 305 636 366 692; x_wconf 88' lang='lat' dir='ltr'>sine</span> <span class='ocrx_word' id='word_1_28' title='bbox 387 655 441 710; x_wconf 89' lang='lat' dir='ltr'>ope</span> <span class='ocrx_word' id='word_1_29' title='bbox 462 637 559 693; x_wconf 74' lang='lat' dir='ltr'>divina</span> <span class='ocrx_word' id='word_1_30' title='bbox 581 640 687 717; x_wconf 84' lang='lat' dir='ltr'>bellum</span> <span class='ocrx_word' id='word_1_31' title='bbox 708 661 817 716; x_wconf 77' lang='lat' dir='ltr'><strong>gerere,</strong></span> <span class='ocrx_word' id='word_1_32' title='bbox 834 643 881 716; x_wconf 76' lang='lat' dir='ltr'>qui</span> <span class='ocrx_word' id='word_1_33' title='bbox 903 655 987 698; x_wconf 77' lang='lat' dir='ltr'>tantm</span> <span class='ocrx_word' id='word_1_34' title='bbox 1011 646 1167 702; x_wconf 75' lang='lat' dir='ltr'>altitudinis</span> 
     </span>
     <span class='ocr_line' id='line_1_5' title="bbox 133 726 1166 808; baseline 0.013 -29"><span class='ocrx_word' id='word_1_35' title='bbox 133 726 366 783; x_wconf 80' lang='lat' dir='ltr'>machinationes</span> <span class='ocrx_word' id='word_1_36' title='bbox 387 729 467 784; x_wconf 71' lang='lat' dir='ltr'>tanta</span> <span class='ocrx_word' id='word_1_37' title='bbox 491 729 637 787; x_wconf 90' lang='lat' dir='ltr'>celeritate</span> <span class='ocrx_word' id='word_1_38' title='bbox 659 751 824 806; x_wconf 70' lang='lat' dir='ltr'>promote-re</span> <span class='ocrx_word' id='word_1_39' title='bbox 852 745 880 788; x_wconf 85' lang='lat' dir='ltr'>et</span> <span class='ocrx_word' id='word_1_40' title='bbox 901 753 936 789; x_wconf 84' lang='lat' dir='ltr'>ex</span> <span class='ocrx_word' id='word_1_41' title='bbox 956 736 1166 808; x_wconf 73' lang='lat' dir='ltr'>propinquitate</span> 
     </span>
     <span class='ocr_line' id='line_1_6' title="bbox 134 824 1164 899; baseline 0.011 -28"><span class='ocrx_word' id='word_1_42' title='bbox 134 834 267 891; x_wconf 85' lang='lat' dir='ltr'>pugnare</span> <span class='ocrx_word' id='word_1_43' title='bbox 281 830 411 892; x_wconf 88' lang='lat' dir='ltr'>possent:</span> <span class='ocrx_word' id='word_1_44' title='bbox 434 838 464 875; x_wconf 89' lang='lat' dir='ltr'>se</span> <span class='ocrx_word' id='word_1_45' title='bbox 479 839 587 894; x_wconf 87' lang='lat' dir='ltr'>suaque</span> <span class='ocrx_word' id='word_1_46' title='bbox 601 824 698 878; x_wconf 92' lang='lat' dir='ltr'>omnia</span> <span class='ocrx_word' id='word_1_47' title='bbox 717 841 815 879; x_wconf 90' lang='lat' dir='ltr'>eornm</span> <span class='ocrx_word' id='word_1_48' title='bbox 835 827 967 897; x_wconf 80' lang='lat' dir='ltr'>potestati</span> <span class='ocrx_word' id='word_1_49' title='bbox 987 829 1164 899; x_wconf 88' lang='lat' dir='ltr'>permittere&#39;</span> 
     </span>
     <span class='ocr_line' id='line_1_7' title="bbox 137 909 1167 989; baseline 0.009 -25"><span class='ocrx_word' id='word_1_50' title='bbox 137 910 279 966; x_wconf 86' lang='lat' dir='ltr'>dixerunt.</span> <span class='ocrx_word' id='word_1_51' title='bbox 322 909 437 966; x_wconf 89' lang='lat' dir='ltr'>‘Unum</span> <span class='ocrx_word' id='word_1_52' title='bbox 451 922 549 984; x_wconf 90' lang='lat' dir='ltr'>petere</span> <span class='ocrx_word' id='word_1_53' title='bbox 571 931 604 967; x_wconf 89' lang='lat' dir='ltr'>ac</span> <span class='ocrx_word' id='word_1_54' title='bbox 626 913 792 986; x_wconf 89' lang='lat' dir='ltr'>deprecari:</span> <span class='ocrx_word' id='word_1_55' title='bbox 814 915 838 969; x_wconf 90' lang='lat' dir='ltr'>si</span> <span class='ocrx_word' id='word_1_56' title='bbox 863 914 934 970; x_wconf 66' lang='lat' dir='ltr'>terte</span> <span class='ocrx_word' id='word_1_57' title='bbox 959 935 1011 989; x_wconf 90' lang='lat' dir='ltr'>pro</span> <span class='ocrx_word' id='word_1_58' title='bbox 1034 917 1086 972; x_wconf 73' lang='lat' dir='ltr'>sub</span> <span class='ocrx_word' id='word_1_59' title='bbox 1111 919 1167 973; x_wconf 90' lang='lat' dir='ltr'>cle·</span> 
     </span>
     <span class='ocr_line' id='line_1_8' title="bbox 137 1000 1167 1078; baseline 0.008 -22"><span class='ocrx_word' id='word_1_60' title='bbox 137 1000 246 1056; x_wconf 72' lang='lat' dir='ltr'>mentia</span> <span class='ocrx_word' id='word_1_61' title='bbox 262 1019 295 1056; x_wconf 90' lang='lat' dir='ltr'>ac</span> <span class='ocrx_word' id='word_1_62' title='bbox 310 1001 540 1072; x_wconf 80' lang='lat' dir='ltr'>mansuetudine,</span> <span class='ocrx_word' id='word_1_63' title='bbox 556 1021 641 1076; x_wconf 90' lang='lat' dir='ltr'>quam</span> <span class='ocrx_word' id='word_1_64' title='bbox 657 1005 710 1078; x_wconf 91' lang='lat' dir='ltr'>ipsi</span> <span class='ocrx_word' id='word_1_65' title='bbox 726 1005 761 1059; x_wconf 91' lang='lat' dir='ltr'>ab</span> <span class='ocrx_word' id='word_1_66' title='bbox 784 1006 845 1059; x_wconf 82' lang='lat' dir='ltr'>aliis</span> <span class='ocrx_word' id='word_1_67' title='bbox 868 1007 1007 1076; x_wconf 73' lang='lat' dir='ltr'>audirent,</span> <span class='ocrx_word' id='word_1_68' title='bbox 1022 1009 1167 1064; x_wconf 84' lang='lat' dir='ltr'>statuisset</span> 
     </span>
     <span class='ocr_line' id='line_1_9' title="bbox 137 1091 1166 1170; baseline 0.008 -24"><span class='ocrx_word' id='word_1_69' title='bbox 137 1091 308 1147; x_wconf 86' lang='lat' dir='ltr'>Aduatucos</span> <span class='ocrx_word' id='word_1_70' title='bbox 332 1111 394 1148; x_wconf 89' lang='lat' dir='ltr'>esse</span> <span class='ocrx_word' id='word_1_71' title='bbox 419 1095 640 1164; x_wconf 65' lang='lat' dir='ltr'>conservandos</span> <span class='ocrx_word' id='word_1_72' title='bbox 665 1113 702 1150; x_wconf 91' lang='lat' dir='ltr'>ne</span> <span class='ocrx_word' id='word_1_73' title='bbox 726 1114 757 1150; x_wconf 88' lang='lat' dir='ltr'>se</span> <span class='ocrx_word' id='word_1_74' title='bbox 783 1097 866 1150; x_wconf 70' lang='lat' dir='ltr'>ariis</span> <span class='ocrx_word' id='word_1_75' title='bbox 896 1097 1085 1170; x_wconf 54' lang='lat' dir='ltr'>despoliaretg</span> <span class='ocrx_word' id='word_1_76' title='bbox 1112 1100 1166 1155; x_wconf 91' lang='lat' dir='ltr'>sibi</span> 
     </span>
     <span class='ocr_line' id='line_1_10' title="bbox 136 1182 1167 1258; baseline 0.007 -20"><span class='ocrx_word' id='word_1_77' title='bbox 136 1203 237 1239; x_wconf 90' lang='lat' dir='ltr'>omnes</span> <span class='ocrx_word' id='word_1_78' title='bbox 252 1182 314 1239; x_wconf 70' lang='lat' dir='ltr'>fere</span> <span class='ocrx_word' id='word_1_79' title='bbox 327 1184 463 1240; x_wconf 90' lang='lat' dir='ltr'>finitimos</span> <span class='ocrx_word' id='word_1_80' title='bbox 484 1203 547 1241; x_wconf 88' lang='lat' dir='ltr'>esse</span> <span class='ocrx_word' id='word_1_81' title='bbox 569 1185 712 1255; x_wconf 89' lang='lat' dir='ltr'>inimicos,</span> <span class='ocrx_word' id='word_1_82' title='bbox 729 1206 761 1242; x_wconf 89' lang='lat' dir='ltr'>ac</span> <span class='ocrx_word' id='word_1_83' title='bbox 786 1207 843 1242; x_wconf 73' lang='lat' dir='ltr'>sure</span> <span class='ocrx_word' id='word_1_84' title='bbox 868 1187 963 1243; x_wconf 84' lang='lat' dir='ltr'>virtuti</span> <span class='ocrx_word' id='word_1_85' title='bbox 985 1189 1127 1258; x_wconf 82' lang='lat' dir='ltr'>invidere3</span> <span class='ocrx_word' id='word_1_86' title='bbox 1151 1209 1167 1246; x_wconf 85' lang='lat' dir='ltr'>a</span> 
     </span>
     <span class='ocr_line' id='line_1_11' title="bbox 136 1275 1164 1353; baseline 0.01 -26"><span class='ocrx_word' id='word_1_87' title='bbox 136 1275 240 1346; x_wconf 89' lang='lat' dir='ltr'>quibus</span> <span class='ocrx_word' id='word_1_88' title='bbox 255 1293 285 1331; x_wconf 91' lang='lat' dir='ltr'>se</span> <span class='ocrx_word' id='word_1_89' title='bbox 300 1275 463 1345; x_wconf 88' lang='lat' dir='ltr'>defendere,</span> <span class='ocrx_word' id='word_1_90' title='bbox 476 1277 586 1332; x_wconf 88' lang='lat' dir='ltr'>traditis</span> <span class='ocrx_word' id='word_1_91' title='bbox 603 1278 696 1347; x_wconf 78' lang='lat' dir='ltr'>armiS,</span> <span class='ocrx_word' id='word_1_92' title='bbox 709 1297 765 1333; x_wconf 87' lang='lat' dir='ltr'>non</span> <span class='ocrx_word' id='word_1_93' title='bbox 782 1290 903 1351; x_wconf 75' lang='lat' dir='ltr'>pass-ent.</span> <span class='ocrx_word' id='word_1_94' title='bbox 948 1280 1009 1334; x_wconf 73' lang='lat' dir='ltr'>sthi</span> <span class='ocrx_word' id='word_1_95' title='bbox 1021 1293 1164 1353; x_wconf 75' lang='lat' dir='ltr'>prestare,</span> 
     </span>
     <span class='ocr_line' id='line_1_12' title="bbox 136 1365 1166 1444; baseline 0.008 -24"><span class='ocrx_word' id='word_1_96' title='bbox 136 1365 160 1420; x_wconf 91' lang='lat' dir='ltr'>si</span> <span class='ocrx_word' id='word_1_97' title='bbox 176 1365 204 1420; x_wconf 93' lang='lat' dir='ltr'>in</span> <span class='ocrx_word' id='word_1_98' title='bbox 220 1383 285 1421; x_wconf 92' lang='lat' dir='ltr'>eum</span> <span class='ocrx_word' id='word_1_99' title='bbox 301 1385 399 1422; x_wconf 88' lang='lat' dir='ltr'>casum</span> <span class='ocrx_word' id='word_1_100' title='bbox 415 1367 634 1438; x_wconf 82' lang='lat' dir='ltr'>deducerentur,</span> <span class='ocrx_word' id='word_1_101' title='bbox 650 1370 778 1442; x_wconf 78' lang='lat' dir='ltr'>quamvis</span> <span class='ocrx_word' id='word_1_102' title='bbox 799 1371 815 1424; x_wconf 80' lang='lat' dir='ltr'>ii</span> <span class='ocrx_word' id='word_1_103' title='bbox 828 1381 940 1423; x_wconf 61' lang='lat' dir='ltr'>rturrrm</span> <span class='ocrx_word' id='word_1_104' title='bbox 957 1371 1091 1444; x_wconf 89' lang='lat' dir='ltr'>apopulo</span> <span class='ocrx_word' id='word_1_105' title='bbox 1106 1371 1166 1428; x_wconf 76' lang='lat' dir='ltr'>Ro-</span> 
     </span>
     <span class='ocr_line' id='line_1_13' title="bbox 138 1456 1165 1534; baseline 0.006 -22"><span class='ocrx_word' id='word_1_106' title='bbox 138 1475 222 1512; x_wconf 89' lang='lat' dir='ltr'>mano</span> <span class='ocrx_word' id='word_1_107' title='bbox 235 1458 303 1530; x_wconf 89' lang='lat' dir='ltr'>pati,</span> <span class='ocrx_word' id='word_1_108' title='bbox 319 1456 405 1530; x_wconf 74' lang='lat' dir='ltr'>qnam</span> <span class='ocrx_word' id='word_1_109' title='bbox 421 1459 456 1513; x_wconf 90' lang='lat' dir='ltr'>ab</span> <span class='ocrx_word' id='word_1_110' title='bbox 471 1459 514 1514; x_wconf 89' lang='lat' dir='ltr'>his</span> <span class='ocrx_word' id='word_1_111' title='bbox 529 1477 579 1533; x_wconf 89' lang='lat' dir='ltr'>per</span> <span class='ocrx_word' id='word_1_112' title='bbox 594 1461 754 1516; x_wconf 88' lang='lat' dir='ltr'>cruciatum</span> <span class='ocrx_word' id='word_1_113' title='bbox 769 1461 901 1529; x_wconf 48' lang='lat' dir='ltr'>interriti,</span> <span class='ocrx_word' id='word_1_114' title='bbox 915 1461 987 1515; x_wconf 89' lang='lat' dir='ltr'>inter</span> <span class='ocrx_word' id='word_1_115' title='bbox 1002 1480 1073 1534; x_wconf 91' lang='lat' dir='ltr'>quos</span> <span class='ocrx_word' id='word_1_116' title='bbox 1088 1463 1165 1518; x_wconf 91' lang='lat' dir='ltr'>dom-</span> 
     </span>
     <span class='ocr_line' id='line_1_14' title="bbox 136 1542 469 1604; baseline 0.006 -2"><span class='ocrx_word' id='word_1_117' title='bbox 136 1547 209 1604; x_wconf 90' lang='lat' dir='ltr'>inari</span> <span class='ocrx_word' id='word_1_118' title='bbox 225 1542 430 1604; x_wconf 64' lang='lat' dir='ltr'>consuessent!</span> <span class='ocrx_word' id='word_1_119' title='bbox 468 1585 469 1588; x_wconf 59' lang='lat'><em>=</em></span> 
     </span>
    </p>

    <p class='ocr_par' dir='ltr' id='par_1_3' title="bbox 130 1638 1164 2716">
     <span class='ocr_line' id='line_1_15' title="bbox 176 1638 1164 1714; baseline 0.005 -20"><span class='ocrx_word' id='word_1_120' title='bbox 176 1638 307 1695; x_wconf 86' lang='lat' dir='ltr'>XXXII.</span> <span class='ocrx_word' id='word_1_121' title='bbox 337 1640 384 1694; x_wconf 86' lang='lat' dir='ltr'>Ad</span> <span class='ocrx_word' id='word_1_122' title='bbox 399 1639 461 1694; x_wconf 85' lang='lat' dir='ltr'>baec</span> <span class='ocrx_word' id='word_1_123' title='bbox 476 1639 572 1695; x_wconf 86' lang='lat' dir='ltr'>Caesar</span> <span class='ocrx_word' id='word_1_124' title='bbox 587 1641 751 1714; x_wconf 85' lang='lat' dir='ltr'>respondit:</span> <span class='ocrx_word' id='word_1_125' title='bbox 774 1649 780 1672; x_wconf 93' lang='lat'>‘</span> <span class='ocrx_word' id='word_1_126' title='bbox 795 1645 832 1696; x_wconf 66' lang='lat' dir='ltr'>Se</span> <span class='ocrx_word' id='word_1_127' title='bbox 848 1645 939 1705; x_wconf 57' lang='lat' dir='ltr'>maja</span> <span class='ocrx_word' id='word_1_128' title='bbox 955 1645 1164 1700; x_wconf 87' lang='lat' dir='ltr'>consuetudine</span> 
     </span>
     <span class='ocr_line' id='line_1_16' title="bbox 136 1730 1164 1806; baseline 0.005 -22"><span class='ocrx_word' id='word_1_129' title='bbox 136 1730 189 1784; x_wconf 74' lang='lat' dir='ltr'>sua</span> <span class='ocrx_word' id='word_1_130' title='bbox 204 1730 286 1802; x_wconf 75' lang='lat' dir='ltr'>qnam</span> <span class='ocrx_word' id='word_1_131' title='bbox 302 1731 405 1786; x_wconf 88' lang='lat' dir='ltr'>merito</span> <span class='ocrx_word' id='word_1_132' title='bbox 420 1749 517 1785; x_wconf 90' lang='lat' dir='ltr'>eornm</span> <span class='ocrx_word' id='word_1_133' title='bbox 533 1732 677 1786; x_wconf 76' lang='lat' dir='ltr'>civitatem</span> <span class='ocrx_word' id='word_1_134' title='bbox 689 1745 838 1786; x_wconf 59' lang='lat' dir='ltr'>consona</span> <span class='ocrx_word' id='word_1_135' title='bbox 848 1753 892 1785; x_wconf 80' lang='lat' dir='ltr'>nn</span> <span class='ocrx_word' id='word_1_136' title='bbox 907 1755 933 1800; x_wconf 73' lang='lat' dir='ltr'>a,</span> <span class='ocrx_word' id='word_1_137' title='bbox 946 1735 969 1787; x_wconf 84' lang='lat' dir='ltr'>si</span> <span class='ocrx_word' id='word_1_138' title='bbox 984 1731 1063 1806; x_wconf 75' lang='lat' dir='ltr'>priris</span> <span class='ocrx_word' id='word_1_139' title='bbox 1079 1734 1164 1805; x_wconf 79' lang='lat' dir='ltr'>quam</span> 
     </span>
     <span class='ocr_line' id='line_1_17' title="bbox 135 1809 1163 1896; baseline 0.005 -22"><span class='ocrx_word' id='word_1_140' title='bbox 135 1839 249 1876; x_wconf 88' lang='lat' dir='ltr'>murum</span> <span class='ocrx_word' id='word_1_141' title='bbox 271 1809 357 1878; x_wconf 54' lang='lat' dir='ltr'>ariess</span> <span class='ocrx_word' id='word_1_142' title='bbox 367 1822 516 1896; x_wconf 76' lang='lat' dir='ltr'>attigisset,</span> <span class='ocrx_word' id='word_1_143' title='bbox 539 1841 569 1877; x_wconf 89' lang='lat' dir='ltr'>se</span> <span class='ocrx_word' id='word_1_144' title='bbox 591 1822 784 1889; x_wconf 82' lang='lat' dir='ltr'>dedidissent3</span> <span class='ocrx_word' id='word_1_145' title='bbox 808 1824 857 1876; x_wconf 61' lang='lat' dir='ltr'>sed</span> <span class='ocrx_word' id='word_1_146' title='bbox 883 1824 1036 1878; x_wconf 40' lang='lat' dir='ltr'>deditionis</span> <span class='ocrx_word' id='word_1_147' title='bbox 1057 1825 1163 1880; x_wconf 89' lang='lat' dir='ltr'>nnllam</span> 
     </span>
     <span class='ocr_line' id='line_1_18' title="bbox 135 1913 1164 1985; baseline 0.003 -17"><span class='ocrx_word' id='word_1_148' title='bbox 135 1930 199 1968; x_wconf 89' lang='lat' dir='ltr'>esse</span> <span class='ocrx_word' id='word_1_149' title='bbox 222 1913 425 1982; x_wconf 89' lang='lat' dir='ltr'>conditionem,</span> <span class='ocrx_word' id='word_1_150' title='bbox 449 1913 504 1968; x_wconf 90' lang='lat' dir='ltr'>nisi</span> <span class='ocrx_word' id='word_1_151' title='bbox 529 1914 614 1968; x_wconf 85' lang='lat' dir='ltr'>armis</span> <span class='ocrx_word' id='word_1_152' title='bbox 636 1913 812 1968; x_wconf 88' lang='lat' dir='ltr'>traditis:</span> <span class='ocrx_word' id='word_1_153' title='bbox 837 1914 873 1981; x_wconf 85' lang='lat' dir='ltr'>id,</span> <span class='ocrx_word' id='word_1_154' title='bbox 900 1914 975 1985; x_wconf 79' lang='lat' dir='ltr'>qued</span> <span class='ocrx_word' id='word_1_155' title='bbox 998 1915 1027 1968; x_wconf 91' lang='lat' dir='ltr'>in</span> <span class='ocrx_word' id='word_1_156' title='bbox 1049 1914 1164 1971; x_wconf 87' lang='lat' dir='ltr'>Nerviis</span> 
     </span>
     <span class='ocr_line' id='line_1_19' title="bbox 136 2003 1164 2077; baseline 0.001 -17"><span class='ocrx_word' id='word_1_157' title='bbox 136 2005 260 2073; x_wconf 85' lang='lat' dir='ltr'>fecisset,</span> <span class='ocrx_word' id='word_1_158' title='bbox 277 2004 426 2074; x_wconf 83' lang='lat' dir='ltr'>facturum,</span> <span class='ocrx_word' id='word_1_159' title='bbox 442 2004 627 2077; x_wconf 86' lang='lat' dir='ltr'>finitimisque</span> <span class='ocrx_word' id='word_1_160' title='bbox 642 2003 857 2077; x_wconf 74' lang='lat' dir='ltr'>imperaturum,</span> <span class='ocrx_word' id='word_1_161' title='bbox 870 2023 906 2059; x_wconf 87' lang='lat' dir='ltr'>ne</span> <span class='ocrx_word' id='word_1_162' title='bbox 918 2014 1005 2076; x_wconf 85' lang='lat' dir='ltr'>&#39;qnam</span> <span class='ocrx_word' id='word_1_163' title='bbox 1027 2004 1164 2061; x_wconf 87' lang='lat' dir='ltr'>dedititiis</span> 
     </span>
     <span class='ocr_line' id='line_1_20' title="bbox 130 2095 1152 2186; baseline 0.001 -36"><span class='ocrx_word' id='word_1_164' title='bbox 130 2097 232 2186; x_wconf 80' lang='lat' dir='ltr'>populi</span> <span class='ocrx_word' id='word_1_165' title='bbox 265 2095 390 2152; x_wconf 85' lang='lat' dir='ltr'>Romani</span> <span class='ocrx_word' id='word_1_166' title='bbox 424 2095 556 2170; x_wconf 87' lang='lat' dir='ltr'>injuriam</span> <span class='ocrx_word' id='word_1_167' title='bbox 585 2096 741 2152; x_wconf 65' lang='lat' dir='ltr'>inferrent)</span> <span class='ocrx_word' id='word_1_168' title='bbox 784 2095 831 2150; x_wconf 70' lang='lat' dir='ltr'>na</span> <span class='ocrx_word' id='word_1_169' title='bbox 859 2097 996 2150; x_wconf 72' lang='lat' dir='ltr'>nunciata</span> <span class='ocrx_word' id='word_1_170' title='bbox 1024 2096 1059 2150; x_wconf 89' lang='lat' dir='ltr'>ad</span> <span class='ocrx_word' id='word_1_171' title='bbox 1086 2117 1152 2152; x_wconf 89' lang='lat' dir='ltr'>suos</span> 
     </span>
     <span class='ocr_line' id='line_1_21' title="bbox 136 2186 1163 2260; baseline 0.001 -20"><span class='ocrx_word' id='word_1_172' title='bbox 136 2193 216 2259; x_wconf 74' lang='lat' dir='ltr'>‘que</span> <span class='ocrx_word' id='word_1_173' title='bbox 238 2187 454 2260; x_wconf 89' lang='lat' dir='ltr'>imperarentur,</span> <span class='ocrx_word' id='word_1_174' title='bbox 470 2186 583 2242; x_wconf 84' lang='lat' dir='ltr'>facere&#39;</span> <span class='ocrx_word' id='word_1_175' title='bbox 607 2187 747 2242; x_wconf 77' lang='lat' dir='ltr'>dixerunt.</span> <span class='ocrx_word' id='word_1_176' title='bbox 791 2186 945 2240; x_wconf 64' lang='lat' dir='ltr'>Arearum</span> <span class='ocrx_word' id='word_1_177' title='bbox 967 2187 1070 2260; x_wconf 70' lang='lat' dir='ltr'>magna</span> <span class='ocrx_word' id='word_1_178' title='bbox 1092 2187 1163 2242; x_wconf 91' lang='lat' dir='ltr'>mul-</span> 
     </span>
     <span class='ocr_line' id='line_1_22' title="bbox 135 2276 1162 2350; baseline -0.001 -17"><span class='ocrx_word' id='word_1_179' title='bbox 135 2278 256 2333; x_wconf 91' lang='lat' dir='ltr'>titudine</span> <span class='ocrx_word' id='word_1_180' title='bbox 271 2278 306 2333; x_wconf 92' lang='lat' dir='ltr'>de</span> <span class='ocrx_word' id='word_1_181' title='bbox 321 2297 403 2332; x_wconf 92' lang='lat' dir='ltr'>muro</span> <span class='ocrx_word' id='word_1_182' title='bbox 425 2278 453 2333; x_wconf 91' lang='lat' dir='ltr'>in</span> <span class='ocrx_word' id='word_1_183' title='bbox 476 2277 589 2346; x_wconf 88' lang='lat' dir='ltr'>fossam,</span> <span class='ocrx_word' id='word_1_184' title='bbox 605 2297 667 2349; x_wconf 71' lang='lat' dir='ltr'>quae</span> <span class='ocrx_word' id='word_1_185' title='bbox 690 2287 749 2332; x_wconf 89' lang='lat' dir='ltr'>erat</span> <span class='ocrx_word' id='word_1_186' title='bbox 773 2294 837 2330; x_wconf 72' lang='lat' dir='ltr'>:mre</span> <span class='ocrx_word' id='word_1_187' title='bbox 859 2277 1004 2348; x_wconf 48' lang='lat' dir='ltr'>(spadum,</span> <span class='ocrx_word' id='word_1_188' title='bbox 1017 2276 1104 2350; x_wconf 69' lang='lat' dir='ltr'>jactel,</span> <span class='ocrx_word' id='word_1_189' title='bbox 1120 2278 1162 2334; x_wconf 91' lang='lat' dir='ltr'>sic</span> 
     </span>
     <span class='ocr_line' id='line_1_23' title="bbox 135 2367 1162 2443; baseline -0.002 -19"><span class='ocrx_word' id='word_1_190' title='bbox 135 2381 165 2424; x_wconf 90' lang='lat' dir='ltr'>ut</span> <span class='ocrx_word' id='word_1_191' title='bbox 178 2387 266 2443; x_wconf 89' lang='lat' dir='ltr'>prope</span> <span class='ocrx_word' id='word_1_192' title='bbox 281 2387 420 2424; x_wconf 88' lang='lat' dir='ltr'>summam</span> <span class='ocrx_word' id='word_1_193' title='bbox 436 2368 509 2423; x_wconf 91' lang='lat' dir='ltr'>muri</span> <span class='ocrx_word' id='word_1_194' title='bbox 525 2369 693 2441; x_wconf 78' lang='lat' dir='ltr'>aggerisque</span> <span class='ocrx_word' id='word_1_195' title='bbox 709 2367 887 2421; x_wconf 78' lang='lat' dir='ltr'>altitudinem</span> <span class='ocrx_word' id='word_1_196' title='bbox 904 2367 997 2421; x_wconf 85' lang='lat' dir='ltr'>acervi</span> <span class='ocrx_word' id='word_1_197' title='bbox 1020 2385 1162 2422; x_wconf 89' lang='lat' dir='ltr'>armorum</span> 
     </span>
     <span class='ocr_line' id='line_1_24' title="bbox 135 2457 1162 2532; baseline -0.003 -17"><span class='ocrx_word' id='word_1_198' title='bbox 135 2460 331 2532; x_wconf 87' lang='lat' dir='ltr'>adaequarent;</span> <span class='ocrx_word' id='word_1_199' title='bbox 355 2469 492 2514; x_wconf 86' lang='lat' dir='ltr'>ettamen</span> <span class='ocrx_word' id='word_1_200' title='bbox 514 2458 628 2512; x_wconf 89' lang='lat' dir='ltr'>circiter</span> <span class='ocrx_word' id='word_1_201' title='bbox 649 2467 728 2530; x_wconf 87' lang='lat' dir='ltr'>parte</span> <span class='ocrx_word' id='word_1_202' title='bbox 749 2457 843 2525; x_wconf 69' lang='lat' dir='ltr'>tertiat,</span> <span class='ocrx_word' id='word_1_203' title='bbox 859 2468 890 2511; x_wconf 90' lang='lat' dir='ltr'>nt</span> <span class='ocrx_word' id='word_1_204' title='bbox 910 2468 1008 2529; x_wconf 87' lang='lat' dir='ltr'>postea</span> <span class='ocrx_word' id='word_1_205' title='bbox 1032 2475 1162 2529; x_wconf 84' lang='lat' dir='ltr'>perspec-</span> 
     </span>
     <span class='ocr_line' id='line_1_25' title="bbox 133 2546 1162 2620; baseline -0.004 -14"><span class='ocrx_word' id='word_1_206' title='bbox 133 2561 193 2606; x_wconf 90' lang='lat' dir='ltr'>tum</span> <span class='ocrx_word' id='word_1_207' title='bbox 210 2559 262 2618; x_wconf 91' lang='lat' dir='ltr'>est,</span> <span class='ocrx_word' id='word_1_208' title='bbox 278 2549 370 2606; x_wconf 72' lang='lat' dir='ltr'>celata</span> <span class='ocrx_word' id='word_1_209' title='bbox 387 2559 471 2620; x_wconf 91' lang='lat' dir='ltr'>atque</span> <span class='ocrx_word' id='word_1_210' title='bbox 486 2548 515 2603; x_wconf 89' lang='lat' dir='ltr'>in</span> <span class='ocrx_word' id='word_1_211' title='bbox 530 2547 634 2620; x_wconf 94' lang='lat' dir='ltr'>oppido</span> <span class='ocrx_word' id='word_1_212' title='bbox 648 2547 768 2616; x_wconf 71' lang='lat' dir='ltr'>retenta,</span> <span class='ocrx_word' id='word_1_213' title='bbox 783 2547 872 2620; x_wconf 90' lang='lat' dir='ltr'>portis</span> <span class='ocrx_word' id='word_1_214' title='bbox 892 2546 1051 2619; x_wconf 81' lang='lat' dir='ltr'>patefactis,</span> <span class='ocrx_word' id='word_1_215' title='bbox 1067 2565 1102 2602; x_wconf 88' lang='lat' dir='ltr'>eo</span> <span class='ocrx_word' id='word_1_216' title='bbox 1116 2547 1162 2602; x_wconf 89' lang='lat' dir='ltr'>die</span> 
     </span>
     <span class='ocr_line' id='line_1_26' title="bbox 133 2640 354 2716; baseline -0.005 -21"><span class='ocrx_word' id='word_1_217' title='bbox 133 2659 206 2716; x_wconf 87' lang='lat' dir='ltr'>pace</span> <span class='ocrx_word' id='word_1_218' title='bbox 222 2649 286 2694; x_wconf 90' lang='lat' dir='ltr'>sunt</span> <span class='ocrx_word' id='word_1_219' title='bbox 302 2640 354 2694; x_wconf 91' lang='lat' dir='ltr'>usi.</span> 
     </span>
    </p>

    <p class='ocr_par' dir='ltr' id='par_1_4' title="bbox 67 2726 1162 3972">
     <span class='ocr_line' id='line_1_27' title="bbox 173 2726 1162 2801; baseline 0 -15"><span class='ocrx_word' id='word_1_220' title='bbox 173 2728 322 2786; x_wconf 90' lang='lat' dir='ltr'>XXXIII.</span> <span class='ocrx_word' id='word_1_221' title='bbox 352 2727 413 2782; x_wconf 85' lang='lat' dir='ltr'>Sub</span> <span class='ocrx_word' id='word_1_222' title='bbox 429 2744 576 2800; x_wconf 87' lang='lat' dir='ltr'>vesperum</span> <span class='ocrx_word' id='word_1_223' title='bbox 591 2726 688 2782; x_wconf 74' lang='lat' dir='ltr'>Caesar</span> <span class='ocrx_word' id='word_1_224' title='bbox 708 2740 803 2801; x_wconf 84' lang='lat' dir='ltr'>portas</span> <span class='ocrx_word' id='word_1_225' title='bbox 825 2729 930 2798; x_wconf 86' lang='lat' dir='ltr'>claudi,</span> <span class='ocrx_word' id='word_1_226' title='bbox 946 2727 1106 2801; x_wconf 83' lang='lat' dir='ltr'>militesque</span> <span class='ocrx_word' id='word_1_227' title='bbox 1127 2747 1162 2786; x_wconf 83' lang='lat' dir='ltr'>err</span> 
     </span>
     <span class='ocr_line' id='line_1_28' title="bbox 134 2817 1162 2894; baseline -0.001 -18"><span class='ocrx_word' id='word_1_228' title='bbox 134 2820 240 2894; x_wconf 90' lang='lat' dir='ltr'>oppido</span> <span class='ocrx_word' id='word_1_229' title='bbox 254 2819 332 2875; x_wconf 86' lang='lat' dir='ltr'>exire</span> <span class='ocrx_word' id='word_1_230' title='bbox 343 2817 436 2891; x_wconf 88' lang='lat' dir='ltr'>jussit,</span> <span class='ocrx_word' id='word_1_231' title='bbox 451 2835 488 2873; x_wconf 93' lang='lat' dir='ltr'>ne</span> <span class='ocrx_word' id='word_1_232' title='bbox 503 2836 586 2890; x_wconf 90' lang='lat' dir='ltr'>quam</span> <span class='ocrx_word' id='word_1_233' title='bbox 607 2829 695 2873; x_wconf 88' lang='lat' dir='ltr'>noctu</span> <span class='ocrx_word' id='word_1_234' title='bbox 714 2820 848 2892; x_wconf 85' lang='lat' dir='ltr'>oppidani</span> <span class='ocrx_word' id='word_1_235' title='bbox 873 2821 907 2873; x_wconf 87' lang='lat' dir='ltr'>eb</span> <span class='ocrx_word' id='word_1_236' title='bbox 930 2819 1067 2874; x_wconf 83' lang='lat' dir='ltr'>militibus</span> <span class='ocrx_word' id='word_1_237' title='bbox 1091 2820 1162 2893; x_wconf 82' lang='lat' dir='ltr'>inju-</span> 
     </span>
     <span class='ocr_line' id='line_1_29' title="bbox 135 2907 1160 2984; baseline -0.001 -18"><span class='ocrx_word' id='word_1_238' title='bbox 135 2912 206 2967; x_wconf 87' lang='lat' dir='ltr'>riam</span> <span class='ocrx_word' id='word_1_239' title='bbox 228 2909 399 2984; x_wconf 85' lang='lat' dir='ltr'>acciperent.</span> <span class='ocrx_word' id='word_1_240' title='bbox 440 2907 497 2977; x_wconf 85' lang='lat' dir='ltr'>Illi,</span> <span class='ocrx_word' id='word_1_241' title='bbox 520 2907 586 2964; x_wconf 69' lang='lat' dir='ltr'>ente</span> <span class='ocrx_word' id='word_1_242' title='bbox 612 2908 693 2978; x_wconf 84' lang='lat' dir='ltr'>inite,</span> <span class='ocrx_word' id='word_1_243' title='bbox 708 2919 740 2964; x_wconf 87' lang='lat' dir='ltr'>ut</span> <span class='ocrx_word' id='word_1_244' title='bbox 761 2909 938 2964; x_wconf 68' lang='lat' dir='ltr'>intellectum</span> <span class='ocrx_word' id='word_1_245' title='bbox 962 2920 1014 2978; x_wconf 83' lang='lat' dir='ltr'>est,</span> <span class='ocrx_word' id='word_1_246' title='bbox 1030 2912 1160 2979; x_wconf 90' lang='lat' dir='ltr'>consili0‚</span> 
     </span>
     <span class='ocr_line' id='line_1_30' title="bbox 134 3000 1161 3076; baseline -0.002 -20"><span class='ocrx_word' id='word_1_247' title='bbox 134 3000 220 3076; x_wconf 82' lang='lat' dir='ltr'>quod,</span> <span class='ocrx_word' id='word_1_248' title='bbox 236 3001 380 3057; x_wconf 89' lang='lat' dir='ltr'>deditione</span> <span class='ocrx_word' id='word_1_249' title='bbox 395 3000 480 3068; x_wconf 72' lang='lat' dir='ltr'>facta,</span> <span class='ocrx_word' id='word_1_250' title='bbox 496 3009 607 3055; x_wconf 89' lang='lat' dir='ltr'>nostros</span> <span class='ocrx_word' id='word_1_251' title='bbox 621 3000 754 3072; x_wconf 74' lang='lat' dir='ltr'>praesidia</span> <span class='ocrx_word' id='word_1_252' title='bbox 769 3001 953 3068; x_wconf 84' lang='lat' dir='ltr'>deducturos,</span> <span class='ocrx_word' id='word_1_253' title='bbox 969 3011 1017 3056; x_wconf 88' lang='lat' dir='ltr'>aut</span> <span class='ocrx_word' id='word_1_254' title='bbox 1037 3001 1161 3072; x_wconf 88' lang='lat' dir='ltr'>deniqne</span> 
     </span>
     <span class='ocr_line' id='line_1_31' title="bbox 132 3089 1161 3167; baseline -0.006 -19"><span class='ocrx_word' id='word_1_255' title='bbox 132 3089 330 3167; x_wconf 78' lang='lat' dir='ltr'>indiligentius</span> <span class='ocrx_word' id='word_1_256' title='bbox 345 3102 505 3146; x_wconf 86' lang='lat' dir='ltr'>servaturos</span> <span class='ocrx_word' id='word_1_257' title='bbox 524 3090 716 3157; x_wconf 87' lang='lat' dir='ltr'>crediderant,</span> <span class='ocrx_word' id='word_1_258' title='bbox 730 3091 832 3162; x_wconf 86' lang='lat' dir='ltr'>partim</span> <span class='ocrx_word' id='word_1_259' title='bbox 854 3109 919 3144; x_wconf 89' lang='lat' dir='ltr'>cum</span> <span class='ocrx_word' id='word_1_260' title='bbox 942 3090 994 3158; x_wconf 77' lang='lat' dir='ltr'>bis,</span> <span class='ocrx_word' id='word_1_261' title='bbox 1011 3109 1073 3160; x_wconf 73' lang='lat' dir='ltr'>quar</span> <span class='ocrx_word' id='word_1_262' title='bbox 1096 3110 1117 3144; x_wconf 47' lang='lat' dir='ltr'>ri</span> <span class='ocrx_word' id='word_1_263' title='bbox 1128 3092 1161 3145; x_wconf 80' lang='lat' dir='ltr'>ti-</span> 
     </span>
     <span class='ocr_line' id='line_1_32' title="bbox 132 3179 1161 3252; baseline -0.004 -14"><span class='ocrx_word' id='word_1_264' title='bbox 132 3193 252 3239; x_wconf 90' lang='lat' dir='ltr'>nnerant</span> <span class='ocrx_word' id='word_1_265' title='bbox 267 3192 295 3238; x_wconf 93' lang='lat' dir='ltr'>et</span> <span class='ocrx_word' id='word_1_266' title='bbox 310 3181 481 3249; x_wconf 86' lang='lat' dir='ltr'>celaverant,</span> <span class='ocrx_word' id='word_1_267' title='bbox 498 3180 593 3248; x_wconf 88' lang='lat' dir='ltr'>armis,</span> <span class='ocrx_word' id='word_1_268' title='bbox 607 3179 711 3252; x_wconf 90' lang='lat' dir='ltr'>partim</span> <span class='ocrx_word' id='word_1_269' title='bbox 732 3180 821 3234; x_wconf 87' lang='lat' dir='ltr'>sentis</span> <span class='ocrx_word' id='word_1_270' title='bbox 843 3198 876 3234; x_wconf 77' lang='lat' dir='ltr'>ex</span> <span class='ocrx_word' id='word_1_271' title='bbox 892 3180 1000 3234; x_wconf 61' lang='lat' dir='ltr'>cortice</span> <span class='ocrx_word' id='word_1_272' title='bbox 1016 3179 1098 3234; x_wconf 87' lang='lat' dir='ltr'>factis</span> <span class='ocrx_word' id='word_1_273' title='bbox 1114 3190 1161 3234; x_wconf 90' lang='lat' dir='ltr'>nnt</span> 
     </span>
     <span class='ocr_line' id='line_1_33' title="bbox 132 3266 1160 3343; baseline -0.007 -13"><span class='ocrx_word' id='word_1_274' title='bbox 132 3274 285 3330; x_wconf 88' lang='lat' dir='ltr'>viminibus</span> <span class='ocrx_word' id='word_1_275' title='bbox 300 3272 424 3339; x_wconf 85' lang='lat' dir='ltr'>intextis,</span> <span class='ocrx_word' id='word_1_276' title='bbox 441 3289 503 3342; x_wconf 84' lang='lat' dir='ltr'>quae</span> <span class='ocrx_word' id='word_1_277' title='bbox 519 3266 624 3337; x_wconf 79' lang='lat' dir='ltr'>snbitb,</span> <span class='ocrx_word' id='word_1_278' title='bbox 642 3278 672 3323; x_wconf 90' lang='lat' dir='ltr'>ut</span> <span class='ocrx_word' id='word_1_279' title='bbox 686 3269 820 3341; x_wconf 82' lang='lat' dir='ltr'>temporis</span> <span class='ocrx_word' id='word_1_280' title='bbox 836 3270 975 3343; x_wconf 59' lang='lat' dir='ltr'>exigna-e</span> <span class='ocrx_word' id='word_1_281' title='bbox 990 3271 1160 3342; x_wconf 79' lang='lat' dir='ltr'>postulabat,</span> 
     </span>
     <span class='ocr_line' id='line_1_34' title="bbox 130 3357 1161 3439; baseline -0.011 -18"><span class='ocrx_word' id='word_1_282' title='bbox 130 3365 252 3439; x_wconf 91' lang='lat' dir='ltr'>pellibus</span> <span class='ocrx_word' id='word_1_283' title='bbox 267 3361 448 3428; x_wconf 83' lang='lat' dir='ltr'>induxerant,</span> <span class='ocrx_word' id='word_1_284' title='bbox 464 3359 547 3414; x_wconf 76' lang='lat' dir='ltr'>tertia</span> <span class='ocrx_word' id='word_1_285' title='bbox 564 3357 671 3432; x_wconf 74' lang='lat' dir='ltr'>vigilia,</span> <span class='ocrx_word' id='word_1_286' title='bbox 687 3358 743 3431; x_wconf 74' lang='lat' dir='ltr'>qua</span> <span class='ocrx_word' id='word_1_287' title='bbox 769 3359 886 3413; x_wconf 59' lang='lat' dir='ltr'>mirum}</span> <span class='ocrx_word' id='word_1_288' title='bbox 914 3360 1018 3414; x_wconf 78' lang='lat' dir='ltr'>arduus</span> <span class='ocrx_word' id='word_1_289' title='bbox 1041 3359 1075 3414; x_wconf 86' lang='lat' dir='ltr'>ad</span> <span class='ocrx_word' id='word_1_290' title='bbox 1098 3378 1161 3412; x_wconf 71' lang='lat' dir='ltr'>rnre-</span> 
     </span>
     <span class='ocr_line' id='line_1_35' title="bbox 129 3447 1160 3522; baseline -0.009 -12"><span class='ocrx_word' id='word_1_291' title='bbox 129 3466 188 3511; x_wconf 88' lang='lat' dir='ltr'>tras</span> <span class='ocrx_word' id='word_1_292' title='bbox 203 3453 376 3509; x_wconf 87' lang='lat' dir='ltr'>munitiones</span> <span class='ocrx_word' id='word_1_293' title='bbox 392 3467 527 3504; x_wconf 85' lang='lat' dir='ltr'>ascensus</span> <span class='ocrx_word' id='word_1_294' title='bbox 542 3447 700 3517; x_wconf 81' lang='lat' dir='ltr'>videbatur,</span> <span class='ocrx_word' id='word_1_295' title='bbox 715 3450 847 3504; x_wconf 86' lang='lat' dir='ltr'>omnibus</span> <span class='ocrx_word' id='word_1_296' title='bbox 873 3449 963 3520; x_wconf 71' lang='lat' dir='ltr'>cepis</span> <span class='ocrx_word' id='word_1_297' title='bbox 987 3447 1103 3522; x_wconf 75' lang='lat' dir='ltr'>repente</span> <span class='ocrx_word' id='word_1_298' title='bbox 1126 3466 1160 3502; x_wconf 86' lang='lat' dir='ltr'>ex</span> 
     </span>
     <span class='ocr_line' id='line_1_36' title="bbox 130 3538 1160 3622; baseline -0.01 -22"><span class='ocrx_word' id='word_1_299' title='bbox 130 3543 236 3618; x_wconf 92' lang='lat' dir='ltr'>oppido</span> <span class='ocrx_word' id='word_1_300' title='bbox 250 3541 428 3622; x_wconf 89' lang='lat' dir='ltr'>eruptionem</span> <span class='ocrx_word' id='word_1_301' title='bbox 444 3539 580 3595; x_wconf 89' lang='lat' dir='ltr'>fecerunt.</span> <span class='ocrx_word' id='word_1_302' title='bbox 624 3539 774 3608; x_wconf 87' lang='lat' dir='ltr'>Celeriter,</span> <span class='ocrx_word' id='word_1_303' title='bbox 790 3551 821 3594; x_wconf 93' lang='lat' dir='ltr'>ut</span> <span class='ocrx_word' id='word_1_304' title='bbox 837 3538 902 3593; x_wconf 71' lang='lat' dir='ltr'>ante</span> <span class='ocrx_word' id='word_1_305' title='bbox 921 3539 1018 3592; x_wconf 71' lang='lat' dir='ltr'>Cesar</span> <span class='ocrx_word' id='word_1_306' title='bbox 1041 3538 1160 3610; x_wconf 72' lang='lat' dir='ltr'>impera-</span> 
     </span>
     <span class='ocr_line' id='line_1_37' title="bbox 129 3625 1161 3708; baseline -0.012 -18"><span class='ocrx_word' id='word_1_307' title='bbox 129 3645 183 3703; x_wconf 88' lang='lat' dir='ltr'>rat,</span> <span class='ocrx_word' id='word_1_308' title='bbox 199 3632 314 3708; x_wconf 85' lang='lat' dir='ltr'>ignibus</span> <span class='ocrx_word' id='word_1_309' title='bbox 335 3629 544 3705; x_wconf 81' lang='lat' dir='ltr'>significatione</span> <span class='ocrx_word' id='word_1_310' title='bbox 566 3630 651 3699; x_wconf 76' lang='lat' dir='ltr'>factal,</span> <span class='ocrx_word' id='word_1_311' title='bbox 667 3648 702 3686; x_wconf 86' lang='lat' dir='ltr'>ex</span> <span class='ocrx_word' id='word_1_312' title='bbox 724 3629 861 3704; x_wconf 82' lang='lat' dir='ltr'>proximis</span> <span class='ocrx_word' id='word_1_313' title='bbox 884 3627 1009 3682; x_wconf 85' lang='lat' dir='ltr'>castellis</span> <span class='ocrx_word' id='word_1_314' title='bbox 1034 3625 1067 3681; x_wconf 80' lang='lat' dir='ltr'>eo</span> <span class='ocrx_word' id='word_1_315' title='bbox 1094 3645 1161 3680; x_wconf 90' lang='lat' dir='ltr'>con-</span> 
     </span>
     <span class='ocr_line' id='line_1_38' title="bbox 67 3713 1160 3799; baseline -0.013 -18"><span class='ocrx_word' id='word_1_316' title='bbox 67 3793 69 3799; x_wconf 25' lang='lat'>¹</span> <span class='ocrx_word' id='word_1_317' title='bbox 130 3741 245 3780; x_wconf 89' lang='lat' dir='ltr'>cursum</span> <span class='ocrx_word' id='word_1_318' title='bbox 261 3731 313 3790; x_wconf 88' lang='lat' dir='ltr'>est,</span> <span class='ocrx_word' id='word_1_319' title='bbox 327 3732 544 3796; x_wconf 86' lang='lat' dir='ltr'>pugnatumque</span> <span class='ocrx_word' id='word_1_320' title='bbox 559 3721 593 3775; x_wconf 90' lang='lat' dir='ltr'>ab</span> <span class='ocrx_word' id='word_1_321' title='bbox 609 3720 737 3776; x_wconf 88' lang='lat' dir='ltr'>hostibus</span> <span class='ocrx_word' id='word_1_322' title='bbox 759 3721 798 3774; x_wconf 91' lang='lat' dir='ltr'>ita</span> <span class='ocrx_word' id='word_1_323' title='bbox 819 3718 932 3782; x_wconf 87' lang='lat' dir='ltr'>acriter,</span> <span class='ocrx_word' id='word_1_324' title='bbox 948 3727 979 3770; x_wconf 91' lang='lat' dir='ltr'>ut</span> <span class='ocrx_word' id='word_1_325' title='bbox 994 3733 1010 3770; x_wconf 88' lang='lat' dir='ltr'>a</span> <span class='ocrx_word' id='word_1_326' title='bbox 1024 3715 1091 3769; x_wconf 89' lang='lat' dir='ltr'>viris</span> <span class='ocrx_word' id='word_1_327' title='bbox 1107 3713 1160 3768; x_wconf 92' lang='lat' dir='ltr'>for-</span> 
     </span>
     <span class='ocr_line' id='line_1_39' title="bbox 129 3804 1160 3884; baseline -0.009 -14"><span class='ocrx_word' id='word_1_328' title='bbox 129 3816 206 3871; x_wconf 91' lang='lat' dir='ltr'>tibus</span> <span class='ocrx_word' id='word_1_329' title='bbox 228 3813 257 3869; x_wconf 91' lang='lat' dir='ltr'>in</span> <span class='ocrx_word' id='word_1_330' title='bbox 282 3812 408 3868; x_wconf 73' lang='lat' dir='ltr'>extrema</span> <span class='ocrx_word' id='word_1_331' title='bbox 431 3829 481 3884; x_wconf 86' lang='lat' dir='ltr'>spe</span> <span class='ocrx_word' id='word_1_332' title='bbox 504 3811 613 3878; x_wconf 69' lang='lat' dir='ltr'>salutis</span> <span class='ocrx_word' id='word_1_333' title='bbox 637 3809 737 3882; x_wconf 91' lang='lat' dir='ltr'>iniquo</span> <span class='ocrx_word' id='word_1_334' title='bbox 761 3808 835 3875; x_wconf 83' lang='lat' dir='ltr'>loce,</span> <span class='ocrx_word' id='word_1_335' title='bbox 854 3817 954 3860; x_wconf 89' lang='lat' dir='ltr'>contra</span> <span class='ocrx_word' id='word_1_336' title='bbox 974 3821 1033 3874; x_wconf 87' lang='lat' dir='ltr'>eos,</span> <span class='ocrx_word' id='word_1_337' title='bbox 1054 3804 1102 3878; x_wconf 91' lang='lat' dir='ltr'>qui</span> <span class='ocrx_word' id='word_1_338' title='bbox 1125 3823 1160 3861; x_wconf 77' lang='lat' dir='ltr'>ea</span> 
     </span>
     <span class='ocr_line' id='line_1_40' title="bbox 129 3893 1159 3972; baseline -0.01 -12"><span class='ocrx_word' id='word_1_339' title='bbox 129 3903 203 3960; x_wconf 83' lang='lat' dir='ltr'>vallo</span> <span class='ocrx_word' id='word_1_340' title='bbox 224 3902 407 3972; x_wconf 86' lang='lat' dir='ltr'>turribusque</span> <span class='ocrx_word' id='word_1_341' title='bbox 428 3901 486 3954; x_wconf 85' lang='lat' dir='ltr'>tela</span> <span class='ocrx_word' id='word_1_342' title='bbox 507 3898 646 3970; x_wconf 86' lang='lat' dir='ltr'>jacerent,</span> <span class='ocrx_word' id='word_1_343' title='bbox 660 3897 783 3971; x_wconf 79' lang='lat' dir='ltr'>pugnari</span> <span class='ocrx_word' id='word_1_344' title='bbox 808 3895 916 3961; x_wconf 88' lang='lat' dir='ltr'>debuit,</span> <span class='ocrx_word' id='word_1_345' title='bbox 937 3911 1025 3964; x_wconf 86' lang='lat' dir='ltr'>quum</span> <span class='ocrx_word' id='word_1_346' title='bbox 1049 3893 1079 3950; x_wconf 91' lang='lat' dir='ltr'>in</span> <span class='ocrx_word' id='word_1_347' title='bbox 1101 3895 1159 3964; x_wconf 52' lang='lat' dir='ltr'>una</span> 
     </span>
    </p>
   </div>
   <div class='ocr_carea' id='block_1_3' title="bbox 0 0 1294 4270">
    <p class='ocr_par' dir='ltr' id='par_1_5' title="bbox 0 0 1294 4270">
     <span class='ocr_line' id='line_1_41' title="bbox 0 0 1294 4270; baseline 0 2"><span class='ocrx_word' id='word_1_348' title='bbox 0 0 1294 4270; x_wconf 95' lang='lat' dir='ltr'> </span> 
     </span>
    </p>
   </div>
  </div>
 </body>
</html>
