2578 4270
130 317 207 367 ors.
223 319 305 382 a-s]
502 317 610 367 araas
632 317 798 377 ammos.
836 363 841 370 .
1127 321 1167 380 73

130 460 200 517 suis
219 459 351 536 privatim
376 459 461 516 rebus
482 460 517 516 ab
540 479 576 517 eo
598 471 696 535 petere
720 472 877 536 coeperunt,
899 459 1034 536 quoniam
1056 461 1165 519 civitati

133 552 291 607 consulere
311 569 368 606 non
388 561 513 625 possent,
534 550 747 609 Indutiomarus
768 555 882 623 veritus,
904 571 940 608 ne
969 553 1003 607 ab
1032 553 1167 608 omnibus

133 641 328 711 desereretur,
343 641 452 716 legatos
467 641 502 697 ad
517 641 661 698 Caesarem
683 644 785 700 mittit:
806 646 898 700 ‘Sese
919 643 1029 700 idcirco
1050 644 1085 698 ab
1105 645 1164 698 suis

135 731 299 802 discedere,
315 741 399 804 atque
416 731 451 786 ad
465 749 531 787 eum
545 733 642 788 venire
656 733 792 804 noluisse,
807 735 863 808 qud
886 733 999 790 facilius
1020 733 1164 790 civitatem

137 823 171 878 in
185 823 281 878 officio
294 822 465 892 contineret,
480 840 517 878 ne
531 823 623 879 omnis
636 824 793 881 nobilitatis
807 826 933 881 discessu
950 825 1031 899 plebs
1050 835 1164 899 propter

140 913 365 988 imprudentiam
376 912 528 968 laberetur.
569 912 670 986 Itaque
681 933 743 971 esse
754 916 898 971 civitatem
909 915 939 971 in
953 917 1004 972 sud
1014 926 1163 990 potestate,

139 1022 240 1076 seque,
254 1003 278 1059 si
292 1003 390 1059 Caesar
401 998 590 1078 permitteret,
606 1004 642 1059 ad
654 1022 719 1060 eum
735 1005 765 1060 in
779 1016 873 1062 castra
884 1017 1046 1076 venturum,
1057 1017 1086 1062 et
1099 1025 1164 1062 suaa

140 1093 322 1167 civitatisque
337 1093 464 1150 fortunas
478 1094 538 1168 ejus
552 1094 617 1150 fidei
631 1096 853 1168 permissurum!

181 1182 233 1240 IV.
261 1185 369 1253 Caesar,
397 1184 451 1241 etsi
473 1184 660 1260 intelligebat,
684 1186 740 1258 qual
764 1187 800 1243 de
824 1187 911 1243 causa
934 1205 969 1244 ea
992 1187 1164 1257 dicerentur,

139 1293 264 1349 quaeque
288 1293 354 1330 eum
376 1293 422 1330 res
445 1275 481 1330 ab
505 1275 636 1332 instituto
659 1275 781 1332 consilio
807 1277 971 1347 deterreret,
998 1289 1104 1347 tamen,
1128 1296 1165 1334 ne

140 1375 269 1422 aestatem
284 1364 313 1420 in
331 1354 461 1421 Treviris
481 1384 651 1422 consumere
671 1378 830 1442 cogeretur,
845 1369 977 1424 omnibus
999 1368 1033 1424 ad
1054 1369 1166 1424 Britan·

139 1455 241 1511 nicam
256 1455 362 1510 bellurn
375 1455 461 1512 rebus
476 1456 656 1530 comparatis,
671 1456 898 1514 Indutiomarum
920 1459 954 1515 ad
976 1477 1006 1514 se
1028 1477 1094 1515 curn
1115 1459 1166 1512 du·

140 1545 235 1602 centis
248 1545 396 1602 obsidibus
410 1546 507 1604 venire
519 1546 610 1621 jussit.
653 1547 708 1603 His
724 1548 863 1618 adductis,
878 1549 908 1605 in
929 1549 964 1606 iis
979 1549 1038 1604 lilio
1051 1549 1166 1623 propin·

141 1636 263 1710 quisque
284 1636 345 1711 ejus
368 1636 511 1706 omnibus,
525 1655 598 1709 quos
619 1637 788 1694 nominatim
812 1651 987 1708 evocaverat,
1003 1639 1165 1694 consolatus

141 1725 369 1783 Indutiomarum
384 1726 569 1799 hortatusque
583 1737 635 1796 est,
650 1725 691 1782 uti
707 1727 736 1783 in
751 1729 846 1784 officio
858 1742 1054 1802 permaneret:
1076 1729 1166 1784 nihilo
1232 1753 1236 1760 ·

142 1827 239 1874 tamen
262 1815 358 1873 secius
384 1816 563 1891 principibus
589 1816 776 1874 Trevirorum
800 1818 835 1874 ad
859 1837 890 1875 se
913 1819 1086 1888 convocatis,
1114 1819 1165 1875 hos

142 1907 310 1983 singillatim
325 1907 504 1983 Cingetorigi
519 1907 702 1964 conciliavit:
724 1909 800 1982 quod
819 1928 906 1982 quum
927 1909 1029 1965 merito
1048 1909 1109 1985 ejus
1130 1910 1165 1964 ab

142 2017 173 2055 se
200 1998 262 2054 fieri
290 1998 476 2074 intelligebat,
501 2009 561 2054 tum
589 1999 686 2074 magni
714 1999 851 2056 interesse
879 1999 1076 2070 arbitrabatur,
1104 2000 1165 2074 ejus

143 2087 341 2145 auctoritatem
356 2089 428 2145 inter
443 2107 508 2145 suos
523 2085 609 2162 quam
622 2088 778 2163 plurImirm
792 2090 895 2160 valere,
910 2091 992 2166 cujus
1012 2101 1069 2147 tam
1086 2109 1165 2166 egre-

142 2179 219 2255 giam
238 2177 268 2234 in
289 2198 319 2236 se
339 2179 512 2236 voluntatem
533 2181 731 2254 perspexisset.
772 2180 806 2236 Id
829 2181 935 2236 factum
957 2181 1080 2256 graviter
1099 2181 1165 2237 tulit

142 2269 363 2340 Indutiomarus,
379 2289 459 2326 suam
474 2271 593 2346 gratiam
610 2271 682 2327 inter
697 2291 763 2328 suos
777 2271 887 2341 minui;
909 2283 947 2341 et,
962 2271 1010 2345 qui
1023 2272 1081 2346 jam
1098 2269 1163 2327 antd

143 2359 261 2416 inimico
276 2361 305 2416 in
318 2379 371 2416 nos
386 2361 481 2416 animo
495 2361 603 2429 suisset,
619 2363 709 2416 multo
723 2361 837 2436 gravilia
857 2363 913 2418 hoc
934 2363 1030 2418 dolore
1051 2362 1163 2418 exarsit.

182 2450 218 2506 V.
247 2451 302 2506 His
316 2452 401 2506 rebus
415 2451 588 2518 constitutis,
600 2451 696 2505 Caesar
709 2451 743 2504 ad
754 2461 867 2524 portum
881 2452 967 2507 Itium
982 2471 1048 2506 cum
1059 2453 1166 2526 legion·

142 2541 357 2614 ibuspervenit.
398 2540 443 2594 Ibi
468 2539 617 2612 cognoscit
641 2539 696 2593 XL
720 2559 815 2609 naves,
830 2560 892 2613 quae
914 2541 944 2595 in
965 2535 1070 2596 Meldis
1084 2542 1165 2597 factae

142 2641 235 2698 erant,
257 2639 426 2702 tempestate
450 2627 571 2700 rejectas
593 2645 707 2683 cursum
729 2639 826 2685 tenere
847 2649 904 2684 non
925 2631 1061 2702 potuisse,
1084 2642 1166 2702 atque

143 2719 258 2788 eodem,
280 2718 357 2773 unde
381 2727 460 2773 erant
481 2717 625 2791 profecta,
654 2719 821 2775 revertisse:
851 2719 974 2792 reliquas
997 2729 1108 2792 paratas
1132 2722 1166 2776 ad

144 2808 348 2882 navigandum,
364 2818 447 2880 atque
465 2808 599 2864 omnibus
618 2809 703 2864 rebus
725 2810 877 2866 instructas
899 2810 1015 2866 invenit.
1056 2809 1166 2868 Eodem

144 2899 232 2955 totius
245 2897 345 2955 Galliae
361 2900 502 2971 equitatus
516 2899 659 2966 convenit,
675 2919 795 2956 numero
808 2899 928 2956 millium
948 2911 1077 2974 quatuor,
1091 2903 1167 2976 prin-

144 2989 279 3063 cipesque
293 2990 425 3045 omnibus
440 3007 474 3046 ex
489 2989 671 3046 civitatibus:
694 3009 728 3046 ex
743 2990 846 3064 quibus
863 3009 1031 3065 perpaucos,
1047 3011 1166 3064 quorum

144 3080 172 3136 in
188 3097 218 3136 se
232 3079 315 3136 fidem
335 3091 525 3154 perspexerat,
540 3081 701 3153 relinquere
723 3081 752 3135 in
772 3081 876 3150 Gallia,
891 3081 1015 3154 reliquos
1035 3082 1166 3138 obsidum

144 3154 207 3226 loco
221 3189 319 3226 secum
333 3171 438 3227 ducere
452 3171 631 3238 decreverat3
654 3169 741 3242 quod,
754 3178 839 3242 quum
852 3171 911 3244 ipse
926 3172 1046 3242 abesset,
1058 3183 1166 3229 motum

142 3261 243 3315 Gallias
258 3261 415 3316 verebatur.

183 3349 234 3405 VI.
263 3350 333 3405 Erat
354 3349 411 3404 und
435 3368 501 3404 cum
523 3349 627 3404 ceteris
651 3349 810 3406 Dumnorix
837 3350 960 3420 AEduus‚
988 3352 1102 3425 dequo
1132 3348 1190 3407 ab'

144 3438 227 3493 nobis
242 3450 325 3494 antea
344 3439 453 3506 dictum
474 3447 524 3494 est.
567 3439 656 3494 Hunc
679 3457 775 3495 secum
798 3441 903 3496 habere
925 3442 954 3497 in
977 3442 1076 3515 primis
1101 3461 1167 3497 con·

144 3527 284 3597 stituerat,
300 3526 376 3600 quod
390 3544 455 3583 eum
471 3529 606 3600 cupidum
620 3547 715 3585 rerum
729 3549 875 3600 novarum,
891 3531 1026 3604 cupidum
1046 3531 1166 3603 imperii,

144 3616 241 3692 magni
257 3616 355 3685 animi,
370 3635 480 3692 magnae
496 3619 568 3674 inter
582 3619 681 3675 Gallos
697 3621 872 3676 auctoritatis
887 3629 1067 3694 cognoverat.
1110 3619 1167 3672 do

97 3771 99 3774 ,
144 3707 265 3764 cedebat
280 3707 346 3776 huc,
362 3707 437 3780 quod
449 3707 507 3781 jam
522 3708 550 3764 in
565 3709 691 3764 concilio
709 3709 869 3766 AEduorum
884 3707 1044 3764 Dumnorix
1058 3707 1167 3762 dixerat

143 3799 217 3856 ‘sibi
234 3797 379 3855 aCaesare
399 3815 519 3873 regnum
541 3799 664 3854 civitatis
686 3799 790 3855 deferri
803 3800 825 3854 ε’
849 3798 924 3869 quod
949 3796 1057 3850 dictum
1078 3795 1166 3852 AEdui

143 3889 266 3966 graviter
279 3887 419 3958 ferebant,
434 3905 527 3962 neque
540 3888 694 3946 recusandi
709 3884 943 3960 autdeprecandi
958 3883 1045 3940 causa
1059 3885 1168 3962 lagatos

390 3989 393 3994 ’
459 3980 477 4033 7
