2566 4270
128 321 197 372 Otr.
213 321 254 384 34,
269 321 321 384 35]
497 319 605 372 LIBER
627 317 773 375 SEXTUS.
799 331 801 334 '
1102 321 1159 384 1⁰9

128 463 256 538 aliquam
281 461 429 536 offerebat,
453 464 630 522 consederat.
673 463 747 522 Haec
768 463 833 523 loca
855 461 1051 542 vicinitatibus
1078 475 1159 522 erant

127 565 208 625 nota,
234 573 426 630 magnamque
448 572 493 612 res
515 555 693 632 diligentiam
715 555 888 630 requirebat,
911 575 971 612 non
996 555 1025 612 in
1047 556 1159 612 summi

128 643 277 704 exercitiis
291 645 407 715 luendi,
424 645 547 721 (nullum
562 647 638 704 enim
654 657 765 721 poterat
785 646 926 706 universis
947 646 982 702 ab
1002 645 1159 720 perterritis

131 755 168 794 ac
181 735 317 810 dispersis
329 735 490 810 pericnlum
505 737 662 815 accidere,)
677 737 772 794 sedin
792 737 913 814 singulis
932 737 1072 794 militibus
1092 756 1160 794 con·

130 826 296 896 servandis;
319 845 382 900 quae
396 836 492 885 tamen
513 846 549 884 ex
567 839 647 903 parte
670 845 717 887 res
737 827 773 884 ad
794 828 915 886 salutem
934 827 1078 886 exercitiis
1097 845 1160 904 per·

131 918 251 978 tinebat
292 916 370 974 Nam
386 926 415 974 et
434 918 537 992 praedae
560 919 702 994 cupiditas
724 919 828 976 multos
841 915 957 994 longids
970 919 1117 989 evocabat,
1132 929 1160 976 et

132 1009 212 1068 silvae
227 1008 344 1066 incertis
357 1007 537 1082 occultisque
551 1009 701 1066 itineribus
715 1010 860 1070 consertos
874 1009 952 1066 adire
961 1009 1159 1084 prohibebant

133 1100 169 1158 Si
180 1099 327 1176 negotium
342 1099 447 1169 confici
460 1099 635 1174 stirpemque
648 1099 796 1158 honrinum
813 1100 1018 1158 sceleratorum
1039 1100 1160 1158 interfici
1259 1117 1268 1128 “

133 1191 230 1262 vellet,
244 1191 422 1248 dimittendae
434 1191 530 1266 plures
544 1207 655 1262 manus,
668 1191 884 1267 diducendique
897 1202 978 1250 erant
992 1191 1115 1249 milites:
1136 1190 1161 1247 si

134 1283 283 1340 continere
298 1281 333 1338 ad
354 1281 436 1359 signu
454 1281 615 1358 manipulos
637 1282 730 1353 vellet,
745 1297 777 1340 ut
797 1283 927 1340 instituta
949 1282 1023 1340 ratio
1045 1292 1074 1340 et
1094 1299 1162 1338 con-

135 1373 259 1430 suetudo
272 1373 414 1430 exercitiis
431 1372 558 1430 Romani
578 1373 749 1448 postulabat,
763 1373 845 1431 locus
866 1374 927 1450 ipse
948 1384 1008 1432 erat
1028 1372 1162 1448 praesidio

134 1464 273 1534 barbaris,
287 1481 381 1538 neque
401 1482 437 1524 ex
457 1465 573 1522 occulto
589 1464 744 1522 insidiandi
765 1475 794 1522 et
814 1465 957 1540 dispersos
971 1464 1162 1522 circumveni·

135 1555 204 1614 endi
224 1555 344 1632 singulis
364 1555 461 1613 deerat
482 1555 611 1614 audacia.
652 1556 694 1613 At
714 1556 743 1613 in
768 1555 907 1631 ejusmodi
935 1555 1160 1626 difficultatibus,

137 1653 275 1720 qnantum
296 1646 446 1723 diligentie
469 1646 612 1722 provideri
632 1657 753 1722 poterat,
772 1647 990 1722 providebatur3
1013 1657 1044 1703 nt
1066 1644 1162 1720 potiris

137 1738 168 1796 in
182 1738 313 1796 nocendo
327 1738 434 1813 aliquid
449 1738 637 1808 omitteretur,
652 1738 705 1796 etsi
725 1738 855 1795 omnium
870 1737 957 1794 enimi
972 1737 1007 1794 nd
1022 1737 1162 1794 ulciscen-

128 1830 205 1886 dum
220 1830 366 1900 ardebant,
381 1828 467 1904 quim
482 1848 549 1886 curn
565 1829 659 1904 aliquo
673 1828 845 1886 detrimento
858 1827 980 1886 militurn
1002 1839 1160 1886 noceretur.

137 1921 235 1978 Caesar
259 1921 295 1978 ad
322 1921 458 1978 finitimas
481 1921 611 1978 civitates
637 1920 762 1978 nuncios
788 1919 915 1989 dimittit,
942 1937 1042 1976 ornnes
1069 1919 1104 1975 ad
1131 1935 1162 1976 se

136 2011 238 2070 evocat
251 2031 301 2088 spe
314 2013 416 2088 praedae
432 2013 467 2068 ad
487 2012 663 2088 diripiendos
685 2011 846 2082 Eburones,
861 2021 893 2068 ut
914 2008 1010 2086 potiris
1031 2009 1061 2067 in
1084 2010 1162 2068 silvis

136 2105 286 2163 Gallorum
307 2104 373 2175 vita,
388 2104 474 2180 quim
498 2103 673 2182 legionarius
694 2103 777 2161 miles
797 2101 992 2180 periclitetur;
1014 2102 1098 2160 simul
1120 2112 1160 2173 ut,

136 2197 243 2272 magnit
257 2195 439 2254 multitudine
454 2195 638 2266 circumfusi,
649 2215 702 2271 pro
715 2195 764 2254 tali
775 2194 903 2253 facinore
915 2194 1001 2269 stirps
1012 2211 1045 2250 ac
1057 2211 1162 2251 nomen

137 2287 262 2344 civitatis
273 2287 396 2345 tollatur.
438 2285 563 2364 Magnus
577 2288 704 2360 undique
717 2305 854 2344 numerus
868 2286 998 2344 celeriter
1018 2284 1161 2342 convenit.

178 2377 307 2436 XXXV.
336 2377 409 2435 Huc
434 2378 464 2436 in
488 2379 622 2434 omnibus
643 2377 810 2434 Eburonum
832 2377 961 2452 partibus
980 2377 1161 2452 gerebantur,

137 2471 257 2544 diesque
272 2471 422 2544 appetebat
440 2469 586 2542 septimus,
602 2485 688 2540 quem
712 2467 747 2523 ad
767 2469 844 2526 diem
867 2467 965 2524 Caesar
988 2466 1023 2522 ad
1046 2466 1164 2539 impedi·

138 2572 236 2620 menta
262 2559 463 2634 legionemque
489 2557 592 2613 reverti
620 2557 815 2614 constituerat.
869 2556 940 2626 Hic,
968 2568 1106 2630 quantum
1134 2556 1163 2612 in

138 2651 216 2710 bello
230 2650 343 2706 fortuna
362 2647 461 2723 possit,
477 2657 505 2702 et
525 2656 646 2720 quantos
669 2646 766 2703 afferat
787 2665 879 2716 casus,
905 2645 1042 2722 cognosci
1063 2646 1162 2720 potuit.

139 2738 294 2814 Dissipatis
316 2757 349 2795 ac
372 2737 529 2814 perterritis
557 2737 696 2808 hostibus,
722 2748 751 2794 ut
776 2737 1041 2807 demonstravimus,
1064 2756 1164 2794 manus

139 2842 202 2890 erat
215 2829 303 2900 nulla,
318 2847 380 2905 quae
395 2847 508 2904 parvam
530 2827 615 2886 modd
636 2847 752 2886 causam
773 2828 885 2886 timoris
906 2827 1026 2885 afferret.
1068 2827 1173 2886 Trans-

140 2921 278 2980 Rhenum
301 2921 335 2978 ad
359 2922 517 2978 Germanos
538 2920 667 2997 pervenit
687 2921 772 2991 sarna,
790 2919 874 2996 diripi
897 2919 1056 2991 Eburones,
1078 2932 1163 2996 atque

140 3013 216 3072 ultro
229 3031 327 3070 ornnes
342 3013 376 3070 ad
397 3012 521 3088 praedam
542 3013 663 3070 evocari.
706 3012 824 3090 Cogunt
844 3012 971 3086 equitum
994 3012 1052 3070 duo
1075 3013 1164 3070 millia

139 3105 293 3182 Sigambri,
308 3105 356 3180 qui
371 3115 437 3161 sunt
450 3104 572 3179 proximi
593 3103 740 3174 Rheno,r
763 3104 866 3178 quibus
886 3114 1016 3178 receptos
1036 3123 1071 3160 ex
1094 3104 1163 3180 lugd

77 3193 83 3198 ’
138 3196 340 3254 Tenchtheros
361 3207 445 3270 atque
465 3195 598 3270 Usipetes
622 3193 709 3270 suprb
732 3194 901 3252 docuimus:
922 3207 1070 3254 transeunt
1084 3195 1164 3253 Rhe-

139 3307 208 3346 num
230 3289 350 3344 navibus
372 3288 547 3360 ratibusque,
573 3285 665 3342 XXX
690 3285 816 3342 millibus
837 3305 972 3362 passuum
1000 3285 1074 3344 infra
1097 3306 1163 3344 euru

137 3381 244 3448 locum,
260 3379 309 3434 ubi
323 3397 395 3452 pons
408 3389 469 3434 erat
482 3377 636 3451 perfectus,
650 3377 871 3451 praesidiumque
892 3379 927 3434 ab
948 3377 1063 3436 Caesare
1082 3379 1164 3436 relic-

136 3485 219 3529 tum:
239 3469 347 3544 primus
362 3469 529 3525 Eburonum
544 3468 614 3525 lines
629 3468 743 3540 adeunt,
758 3469 862 3526 multos
876 3487 912 3528 ex
931 3469 1000 3546 sugat
1021 3470 1163 3544 dispersos

137 3559 296 3635 excipiunt,
311 3577 416 3634 magno
435 3559 547 3633 pecoris
568 3577 698 3625 numero,
714 3560 795 3635 cujus
816 3571 883 3617 sunt
903 3559 1081 3634 cupidissimi
1102 3560 1164 3614 bar·

138 3651 211 3721 bari,
234 3650 390 3726 potiuntur.
431 3635 546 3707 Invitati
570 3651 676 3725 praedt,
698 3650 813 3727 longids
835 3651 1011 3726 procedunt:
1033 3669 1091 3705 non
1112 3649 1164 3705 hos

136 3742 230 3819 palus,
245 3742 275 3798 iu
289 3741 365 3798 bello
378 3741 591 3816 latrociniisque
605 3753 696 3812 natos,
710 3761 769 3800 non
782 3742 859 3799 silvae
873 3751 1038 3798 morantur:
1061 3739 1164 3811 quibus
1235 3771 1241 3780 .

137 3834 169 3892 in
189 3834 262 3892 locis
286 3833 322 3890 sit
344 3832 451 3904 Caesar,
479 3850 515 3889 cx
538 3833 658 3908 captivis
683 3844 832 3908 quaerunt;
861 3830 1021 3906 protectum
1050 3829 1164 3908 iungitis

138 3924 294 4001 reperiunt,
308 3935 484 4000 omnemque·
493 3924 651 3984 exercitum
661 3923 827 3982 discessisse
838 3930 1025 3995 cognoscunt.
1067 3921 1164 3997 Atque

457 4015 493 4072 10
