2566 4270
112 309 196 358 crs.
214 295 327 373 1a-'21.]
485 293 601 358 ‘ursan
615 311 789 390 'curuans
838 351 839 356 ,
1114 317 1157 380 79

112 452 247 510 flumine
260 453 441 530 tegebantur.
483 451 538 510 His
552 453 638 530 rebus¹
651 453 775 530 cognitis
791 473 807 511 a
820 454 939 530 captivis
959 457 1152 535 perfugisque,

112 543 237 614 caesar,
259 545 406 618 praemisso
430 544 568 616 equitatu,
583 544 735 600 confestim
755 545 883 621 legiones
906 548 1041 621 subsequi
1059 550 1151 624 jussit

113 635 185 691 Sed
202 635 238 691 eri
253 635 399 692 celeritate
414 646 498 708 atque
518 653 553 691 eo
574 636 681 710 impetu
703 636 807 692 milites
830 637 933 707 ierunt,
949 657 1036 711 quum
1058 653 1153 715 capite

113 726 189 782 solo
203 744 239 782 ex
255 714 328 798 aquai
343 737 495 795 exstarent,
510 736 542 781 ut
556 725 651 782 hostes
665 726 803 800 impetum
817 727 962 803 legionum
978 740 1062 803 atque
1075 733 1153 805 equi·

113 827 189 872 tum
212 817 353 873 sustinere
374 835 432 872 non
455 827 581 890 possent,
602 812 735 892 ripasque
759 819 944 890 dimitterent,
967 838 1001 876 ac
1022 839 1053 878 se
1078 823 1152 898 fugae

31 953 40 968 .
114 907 306 962 mandarent.

163 996 254 1054 XIX.
283 996 526 1067 Cassivellaunus,
550 1006 583 1054 ut
604 995 690 1070 supra
711 997 975 1070 demonstravimus,
1002 999 1081 1056 omni
1106 1001 1154 1058 de-

39 1152 43 1162 .
114 1087 221 1160 positi
243 1107 293 1162 spe
315 1088 518 1157 contentionis,
541 1087 667 1144 dimissis
691 1085 875 1162 amplioribus
902 1091 1003 1164 copiis,
1029 1091 1155 1150 millibus

116 1177 244 1234 circiter
267 1188 387 1252 quatuor
412 1179 620 1234 essedariorum
642 1179 758 1250 relictiS,
774 1180 877 1236 itinera
899 1191 996 1238 nostra
1015 1181 1154 1253 servabat,

115 1267 335 1342 paululumque
350 1287 385 1325 ex
405 1269 451 1324 via
470 1269 639 1339 excedebat,
654 1269 783 1343 locisque
804 1271 948 1344 impeditis
969 1290 1004 1327 ac
1023 1272 1155 1329 silvestri·

117 1345 184 1414 bus'
197 1377 259 1415 sese
273 1359 446 1430 occultabat,
463 1370 547 1434 atque
561 1359 597 1416 iis
610 1360 786 1436 regionibus,
801 1361 905 1434 quibus
925 1381 978 1418 nos
999 1363 1051 1419 iter
1064 1362 1155 1419 sactu·

116 1467 172 1506 ros
189 1461 371 1525 cognoverat,
384 1468 491 1524 pecora
506 1460 590 1523 atque
605 1450 735 1507 homines
748 1469 784 1508 ex
799 1452 874 1527 agris
887 1453 917 1508 in
932 1453 1017 1510 silvas
1031 1454 1155 1528 compel-

117 1540 223 1596 lebat:
246 1551 284 1610 et,
300 1560 388 1614 quum
403 1541 546 1614 equitatus
559 1551 655 1598 noster
669 1542 788 1598 liberiirs
801 1543 948 1616 predandi
968 1544 1154 1618 vastandique

118 1631 217 1686 causti
243 1650 273 1686 se
298 1632 327 1686 in
353 1651 435 1706 agros
457 1631 625 1701 effunderet,
650 1632 783 1688 omnibus
809 1633 862 1690 viis
887 1634 963 1689 notis
990 1635 1155 1708 semitisque

119 1721 287 1777 essedarios
302 1741 336 1776 ex
350 1722 428 1777 silvis
442 1722 599 1790 emittebat,
614 1731 642 1777 et
656 1741 761 1796 magno
774 1741 841 1778 cum
851 1723 980 1796 periculo
993 1735 1154 1780 nostrorum
1218 1788 1221 1789 7

44 1808 47 1813 ’
119 1813 258 1886 equitum
273 1813 388 1876 cumjis
403 1811 586 1887 confligebat,
603 1822 687 1884 atque
701 1813 757 1868 hoc
778 1823 856 1868 metu
876 1811 962 1869 latinis
982 1814 1079 1889 vagari
1092 1833 1157 1888 pro·

121 1903 253 1958 bibebat.
296 1902 536 1976 Relinquebatur,
551 1912 583 1958 ut
597 1919 690 1975 neque
704 1900 819 1978 longiis
833 1903 867 1958 ab
883 1904 996 1978 agmine
1009 1903 1154 1979 legionum

107 1993 239 2139 *cedi
263 1993 360 2048 Caesar
383 2003 537 2066 pateretur,
552 2002 581 2048 et
604 2003 716 2048 tantum
738 1993 768 2048 in
794 1993 868 2069 agris
889 1994 1033 2051 vastandis
1056 1994 1154 2052 incen-

147 2103 241 2157 nsque
269 2084 408 2140 faciendis
434 2084 563 2140 hostibus
591 2093 753 2154 noceretur,
781 2095 918 2157 quantum
945 2085 1041 2142 labore
1069 2096 1154 2160 atque

125 2175 232 2232 itinere
252 2175 402 2250 legionarii
423 2175 527 2232 milites
548 2175 661 2231 efficere
681 2185 819 2249 poterant.

169 2265 238 2322 XX.
267 2265 385 2321 Interim
399 2265 603 2335 Trinobantes,
617 2284 706 2340 prope
719 2266 880 2323 firmissima
890 2285 988 2323 earum
1002 2268 1153 2344 regionum

127 2357 240 2426 civitae,
256 2375 291 2412 ex
313 2357 368 2429 quai
390 2355 611 2412 Mandubratius
633 2356 807 2426 adolescens,
822 2357 945 2414 Caesaris
966 2358 1051 2414 fidem
1072 2378 1154 2416 secu-

126 2457 184 2518 tus,
201 2448 235 2502 ad
250 2466 315 2503 eum
331 2448 360 2502 in
375 2447 570 2502 continentem
584 2445 707 2500 Galliam
721 2457 846 2516 venerat,
859 2446 956 2522 (cujus
968 2459 1048 2521 pater
1060 2448 1153 2506 Iman·

127 2539 244 2594 uentius
259 2538 287 2592 in
302 2539 336 2592 cai
352 2536 466 2590 civitate
485 2553 607 2608 regnum
627 2535 798 2604 obtinuerat,
813 2537 1036 2609 interfectusque
1056 2549 1117 2594 erat
1138 2557 1154 2596 a

128 2627 364 2692 Cassivellaun03
387 2625 447 2696 ipse
461 2624 529 2698 fugai
544 2633 664 2678 mortem
678 2625 826 2702 vitaverat)
841 2625 951 2700 legatos
962 2625 997 2680 ad
1011 2625 1154 2686 Caesarem

129 2718 257 2784 mittunt,
271 2715 498 2788 pollicenturque
512 2731 575 2768 sese
589 2712 616 2768 ei
638 2713 783 2770 dedituros
806 2726 889 2787 atque
908 2715 1044 2788 imperata
1067 2717 1155 2774 sactu·

130 2823 197 2862 ros:
218 2816 328 2880 petunt,
344 2815 374 2860 ut
389 2792 624 2860 Mandubratium
649 2805 684 2860 ab
706 2805 811 2880 injurii
834 2805 1040 2862 Cassivellauni
1059 2808 1154 2866 defen·

131 2896 189 2966 dat,
203 2907 287 2970 atque
301 2897 329 2952 in
344 2896 490 2952 civitatem
502 2895 604 2965 mittat,
616 2897 664 2970 qui
676 2897 781 2972 presit,
794 2896 1002 2972 imperiumque
1017 2899 1151 2958 obtineat.

131 2986 186 3044 His
201 2987 431 3062 Caesarimperat
444 2987 558 3044 obsides
578 2987 634 3044 XL
656 2988 886 3062 frumentumque
907 2989 1055 3060 exercitui,
1071 2989 1153 3048 Man·

130 3078 351 3152 dubratiumquc
371 3079 406 3134 ad
426 3099 475 3136 ecs
496 3079 590 3136 mittit.
632 3078 679 3134 Illi
703 3078 841 3152 imperata
862 3080 992 3137 celeriter
1013 3081 1152 3154 fecerunt,

129 3170 242 3227 obsides
257 3171 291 3226 ad
306 3188 455 3227 numerum
470 3170 670 3241 frumentaque
684 3168 831 3226 miserunt.

168 3260 253 3318 XXI.
281 3261 511 3316 Trinobantibus
535 3259 671 3328 delensiS,
697 3269 781 3332 atque
805 3261 840 3316 ab
861 3260 940 3317 omni
963 3261 1085 3320 militum
1112 3263 1153 3320 in-

125 3352 202 3427 jura
228 3352 387 3425 prohibitis,
415 3350 599 3425 Cenimagni,
628 3351 803 3426 segonum,
831 3352 990 3423 Ananias,
1025 3353 1151 3425 arama,
1170 3340 1188 3377 “

50 3489 53 3494 .
129 3441 223 3511 Cassi,
243 3441 434 3516 legationibus
456 3441 550 3496 missis
574 3441 643 3498 sese*
660 3441 768 3498 Caesari
792 3443 907 3500 dedunt.
949 3444 997 3500 Ab
1021 3443 1065 3500 his
1086 3463 1153 3519 cog-

128 3531 223 3589 noscit
236 3549 294 3586 ncn
309 3531 393 3606 longe
410 3549 444 3588 ex
458 3549 493 3587 eo
506 3532 572 3587 loco
585 3531 720 3606 oppidum
735 3531 941 3592 Cassivellauni
956 3533 1063 3604 abesse,
1075 3535 1152 3591 silvis

127 3622 338 3698 paludibusque
353 3623 505 3691 munitum,
521 3621 577 3695 qub
593 3621 662 3680 satls
675 3641 797 3698 magnus
817 3623 964 3680 hominum
983 3625 1152 3698 pecorisque

35 3703 37 3708 ¹
128 3733 265 3772 numerus
279 3713 452 3768 convenerit.
495 3712 656 3788 (Oppidum
671 3724 765 3770 autem
786 3714 916 3771 Britanni
936 3723 1048 3780 vocant,
1063 3729 1151 3784 quum

128 3804 213 3861 silvas
234 3803 385 3877 impeditas
409 3803 484 3859 vallo
505 3814 591 3876 atque
611 3803 687 3870 sossi
707 3803 883 3874 munierunt,
897 3802 954 3876 qud
980 3800 1152 3860 incursionis

129 3894 252 3951 bostium
276 3893 398 3950 vitanda
422 3892 510 3952 causa
532 3881 692 3951 conuenire
715 3891 914 3969 consubrunt.)
955 3889 1003 3952 Εό
1025 3891 1153 3971 proficis·
