2578 4270
137 295 218 344 cn.
236 295 347 356 12-15.]
517 293 809 356 transnaturus.
1136 265 1175 362 7'7

119 437 239 492 animi
260 436 469 511 voluptatisque
490 457 585 496 causa.
627 439 707 505 Loca
729 451 796 498 sunt
816 441 1017 550 temperatiora
1038 461 1123 516 quam
1144 444 1174 501 in

133 527 256 596 Gallia,
271 528 480 584 remissioribus
494 529 654 605 frigoribus,

185 617 276 674 XIII.
305 617 402 674 Insula
415 620 517 674 naturai
537 621 693 694 triquetra,
700 622 783 696 cujus
803 640 893 678 unum
915 623 954 678 lat
943 633 988 679 tus
1010 634 1053 680 est
1074 635 1174 680 contra

133 709 283 764 Galliam.
326 709 421 783 Hujus
434 710 531 766 lateris
546 705 615 766 alter
631 713 761 787 angulus,
777 713 826 786 qui
841 724 883 769 est
898 713 931 768 ad
954 714 1100 783 Cantium,
1116 714 1172 787 quo

95 817 98 821 ·
135 797 209 854 fere
232 817 332 855 omnes
355 817 391 856 ex
413 801 508 855 Gallia
533 820 619 857 naves
644 804 832 876 appellantur,
848 803 883 858 ad
905 804 1043 859 orientem
1067 805 1171 872 solem;

136 889 266 945 inferior
282 889 317 944 ad
331 890 480 945 meridiem
501 902 618 964 spectat.
661 893 727 948 Hoc
750 893 824 948 latus
848 904 926 950 tenet
948 895 1063 950 circiter
1085 895 1174 950 millia

135 998 284 1053 passuum
303 979 340 1035 D.
382 980 515 1036 Alterum
531 983 621 1056 vergit
642 982 677 1037 ad
698 982 868 1056 Hispaniam
890 995 973 1057 atque
993 986 1173 1040 occidentem

136 1070 238 1125 solem
242 1089 321 1142 ,qua
336 1089 371 1126 ex
384 1082 464 1144 parte
478 1082 520 1127 est
535 1072 686 1143 Hibernia,
701 1073 821 1128 dimidio
841 1074 943 1144 minor,
958 1085 989 1129 ut
1009 1076 1172 1144 aestimatur‚

137 1179 237 1234 quam
253 1161 420 1230 Britannia3
443 1162 493 1218 sed
503 1163 576 1254 pari
598 1163 689 1236 spatio
712 1164 894 1220 transmissus
920 1175 1003 1237 atque
1025 1183 1059 1221 ex
1079 1166 1173 1222 Gallia

136 1261 189 1307 est
206 1251 237 1306 in
252 1251 439 1308 Britanniam
479 1236 515 1308 Iri
529 1253 585 1308 hoc
605 1254 701 1310 medio
715 1273 800 1310 cursu
822 1265 865 1310 est
886 1255 987 1323 insula,
1003 1275 1065 1328 quae
1081 1257 1173 1355 appel·

135 1343 222 1398 latur
238 1341 345 1411 Mona3
368 1343 527 1416 complures
547 1354 685 1417 praeterea
702 1345 827 1402 minores
841 1345 959 1420 objectae
981 1346 1079 1402 insulae
1101 1347 1173 1402 exis·

50 1451 59 1464 ·
137 1433 301 1501 timantur;
324 1433 359 1489 de
373 1434 476 1506 quibus
490 1434 590 1490 insulis
603 1436 734 1492 nonnulli
748 1436 932 1510 scripserunt,
947 1436 1008 1492 dies
1020 1437 1172 1492 continuos

137 1523 242 1580 XXX
257 1523 310 1579 sub
325 1523 425 1579 bruma
440 1542 501 1580 esse
515 1535 638 1582 noctem.
680 1525 743 1582 Nos
757 1526 828 1582 nihil
847 1526 883 1582 de
897 1545 932 1582 eo
952 1527 1172 1600 percontationi-

139 1614 201 1669 bus
216 1614 437 1687 reperiebamus,
452 1615 508 1671 nisi
530 1616 615 1672 certis
636 1635 671 1671 ex
691 1619 764 1690 aqua
785 1617 925 1673 mensuris
946 1617 1089 1672 breviores
1110 1636 1171 1674 esse

140 1705 236 1778 quam
258 1705 288 1760 in
313 1705 478 1761 continente
500 1717 600 1762 noctes
623 1707 797 1764 videbamus.
839 1707 934 1781 Hujus
961 1718 1003 1762 est
1023 1707 1172 1781 longitudo

140 1795 255 1865 lateris,
280 1807 311 1852 nt
333 1795 387 1851 sert
414 1796 526 1851 illorum
553 1797 660 1870 opinio,
687 1797 769 1852 DCC
797 1797 926 1852 millium.
968 1796 1101 1852 Tertium
1129 1808 1171 1853 est

140 1897 249 1942 eontra
262 1886 488 1961 septemtriones,
504 1887 551 1942 cdi
565 1887 637 1960 parti
659 1887 738 1944 nulla
751 1898 794 1943 est
808 1887 920 1961 objecta
934 1896 1024 1955 terra3
1046 1887 1096 1944 sed
1110 1888 1170 1962 ejus

142 1977 272 2052 angulus
293 1978 388 2033 lateris
412 1977 535 2034 maxime
562 1978 597 2033 ad
619 1978 802 2034 Germaniam
830 1987 957 2052 spectat:
987 1978 1054 2034 huic
1081 1979 1171 2034 millia

140 2087 283 2142 passuum
298 2067 405 2124 DCCC
421 2068 451 2123 in
472 2059 680 2144 longitudinem
701 2088 763 2126 esse
784 2069 969 2125 existimatur.
1011 2067 1056 2124 Ita
1077 2070 1170 2124 omnis

143 2159 243 2214 insula
257 2169 299 2215 est
314 2159 343 2214 in
358 2159 481 2216 circuitu
496 2160 713 2216 vicies'centunr
729 2161 849 2217 millium
864 2176 1006 2234 passuum.

188 2249 270 2306 XIV.
299 2250 343 2305 Ex
357 2250 401 2306 his
415 2251 547 2307 omnibus
560 2251 646 2326 longe
661 2262 727 2311 sunt
747 2251 955 2321 humanissimi,
970 2251 1018 2326 qui
1033 2250 1170 2306 Cantium

145 2342 287 2410 incolunt,
303 2342 460 2416 quaeregio
481 2353 523 2398 est
543 2343 685 2397 maritima
706 2344 807 2411 omnis,
823 2361 917 2415 neque
938 2341 1058 2397 multllm
1075 2342 1171 2397 aGal·

144 2433 205 2488 liert
220 2432 354 2487 differunt
368 2432 584 2492 consuetudine.
624 2430 779 2487 Interiores
798 2433 926 2506 plerique
948 2432 1089 2488 frumenta
1112 2451 1170 2487 non

145 2534 255 2590 serunt,
270 2523 320 2577 sed
334 2522 409 2576 lacte
423 2532 451 2576 et
466 2539 552 2574 carne
566 2521 673 2588 vivunt,
687 2522 865 2594 pellibusque
880 2533 945 2576 sunt
959 2522 1060 2576 vestiti.
1102 2521 1171 2576 Om-

145 2632 200 2668 nes
215 2611 280 2667 verb
295 2630 325 2666 se
340 2609 471 2665 Britanni
486 2610 558 2664 vitro
572 2609 712 2678 inficiunt,
728 2611 803 2684 quod
818 2610 973 2665 caeruleum
988 2610 1075 2665 efficit
1096 2611 1171 2666 colo-

147 2721 220 2769 rem,
237 2711 321 2772 atque
335 2700 390 2754 hoc
405 2699 561 2756 horridiore
582 2709 648 2755 sunt
669 2700 697 2754 in
718 2701 815 2774 pugna¹
838 2699 990 2772 adspectu:
1012 2700 1170 2774 capilloque

149 2802 217 2846 sunt
230 2790 378 2864 promisse,
394 2800 477 2864 atque
491 2789 568 2846 omni
582 2800 662 2864 parte
677 2790 804 2865 corporis
825 2791 900 2859 rasti,
913 2802 1015 2864 praeter
1036 2802 1121 2864 caput
1142 2802 1170 2850 et

149 2882 261 2937 labrum
285 2881 422 2956 superius.
471 2881 580 2937 Uxores
604 2881 710 2938 habent
737 2881 804 2938 deni
828 2880 1010 2956 duodenique
1038 2882 1111 2940 inter
1138 2892 1189 2941 se'

99 3019 104 3026 .
149 2991 324 3043 communes,
340 2982 369 3029 et
388 2970 510 3028 maxime
532 2973 631 3030 fratres
652 2993 719 3030 cum
740 2973 874 3030 fratribus
894 2984 1082 3046 parentesque
1102 2994 1168 3030 curn

146 3065 261 3134 liberis;
283 3064 342 3134 sed,
357 3063 381 3122 si
396 3064 443 3138 qui
458 3075 523 3121 sunt
538 3083 571 3121 ex
587 3065 631 3120 his
645 3065 715 3133 nati,
730 3083 829 3120 eorum
843 3064 983 3120 habentur
1003 3065 1095 3136 liberi,
1111 3065 1167 3139 quo

146 3154 270 3232 primhm
285 3157 365 3231 virgo
379 3174 497 3229 quaeque
513 3156 637 3211 deducta
650 3165 700 3212 est

186 3248 252 3303 XV.
281 3246 400 3319 Equites
415 3245 539 3300 hostiurn
554 3245 746 3318 essedariique
768 3245 871 3301 acriter
890 3245 990 3320 proelio
1011 3263 1076 3302 curn
1091 3245 1169 3320 equi·

147 3347 207 3393 tatu
221 3348 318 3392 nostro
332 3337 360 3392 in
376 3336 481 3402 itinere
492 3335 691 3403 conflixerunt,
703 3347 798 3391 tamen
813 3347 845 3392 ut
858 3337 947 3392 nostri
961 3337 1093 3394 omnibus
1106 3319 1196 3413 par·

146 3426 223 3482 tibus
238 3426 396 3499 superiores
412 3423 526 3488 fuerint,
543 3435 627 3498 atque
642 3443 690 3480 eos
705 3425 734 3480 in
755 3426 839 3481 silvas
861 3426 1004 3500 collesque
1025 3428 1168 3502 compule-

147 3517 222 3573 rint:
244 3515 303 3583 sed,
319 3515 512 3589 compluribus
527 3513 692 3584 intersectis,
709 3516 842 3590 cupidids
864 3517 996 3587 insecuti,
1016 3519 1168 3574 nonnullos

147 3626 182 3664 ex
206 3606 264 3662 suis
290 3606 451 3660 amiserunt.
493 3605 533 3660 At
558 3605 608 3674 illi,
634 3607 795 3662 intermisso
819 3608 919 3680 spatio,
941 3608 1168 3680 imprudentibus

147 3697 251 3754 nostris
273 3706 357 3768 atque
377 3695 524 3767 occupatis
550 3695 578 3750 in
600 3697 759 3752 munitione
782 3708 950 3765 castrorum,
966 3697 1059 3752 subito
1082 3715 1112 3752 se
1133 3716 1168 3754 ex

145 3789 224 3846 silvis
238 3788 393 3861 ejecerunt,
408 3785 571 3858 impetuque
596 3786 625 3840 in
650 3805 699 3842 eos
721 3787 806 3855 lactc,
822 3788 870 3858 qui
892 3795 972 3842 erant
993 3786 1022 3841 in
1046 3788 1167 3846 statione

145 3899 197 3956 pro
221 3877 321 3936 castris
343 3874 486 3944 collocati,
509 3875 611 3932 acriter
635 3886 853 3951 pugnaverunt:
882 3875 1050 3950 duabusque
1074 3879 1168 3938 missis

420 3966 438 4021 7
450 3962 465 3996 Ι
