2578 4270
136 299 177 355 24
464 297 512 344 DE
535 297 651 346 BELLO
675 297 833 346 Gannico
969 299 1047 361 [Cir.
1064 298 1170 348 att-42.

139 438 310 495 viderentur.
353 437 426 494 Haec
437 439 491 495 sibi
503 457 565 496 esse
576 457 668 508 curae;
684 440 857 496 frumentum
869 440 1029 513 Sequanos,
1041 439 1169 509 Leucus,

139 528 286 604 Lingonas
299 529 531 599 subministrare;
550 530 666 606 jamque
680 549 742 587 esse
758 532 784 587 in
798 531 873 606 agris
885 531 1026 586 frumenta
1037 542 1167 588 matura:

138 619 174 675 de
202 620 304 676 itinere
331 619 407 693 ipsos
435 621 513 677 brevi
537 633 665 694 ternpore
685 622 871 696 judicaturos.
912 620 1005 681 Quod
1018 611 1083 676 ¹non
1105 621 1170 678 fore

138 711 217 766 dicto
231 711 379 766 audientes
393 711 507 782 milites,
522 730 615 786 neque
629 713 712 788 signa
725 713 809 768 laturi
830 713 972 781 dicantur,
987 713 1057 768 nihil
1079 732 1109 768 se
1131 715 1168 768 ea

139 820 169 857 re
204 802 393 859 commoveri:
428 803 503 858 scire
535 803 622 873 enirn,
650 804 878 876 quibuscumque
911 803 1054 860 exercitus
1087 803 1170 859 dicto

139 892 257 948 audiens
279 911 337 948 non
358 891 452 963 fuerit,
468 905 525 964 aut,
541 892 615 949 mala
636 913 667 950 re
688 895 778 970 gesta,
794 893 935 949 fortunam
956 893 1089 963 defuisse,
1106 906 1166 964 aut,

139 984 234 1056 aliquo
261 983 388 1039 facinore
415 995 570 1058 comperto,
587 986 745 1040 avaritiam
773 1003 835 1040 esse
862 984 1032 1040 convictam.
1074 986 1167 1041 Suam

138 1074 332 1130 innocentiam
353 1076 491 1148 perpetua
513 1075 583 1145 vita,
598 1075 763 1132 felicitatem
786 1075 983 1132 Helvetiorum
1006 1075 1081 1132 bello
1101 1095 1166 1132 esse

138 1175 323 1238 perspectam.
366 1164 466 1238 Itaque
490 1184 531 1236 se,
560 1166 635 1239 quod
663 1167 691 1222 in
719 1167 877 1241 longiorem
905 1166 981 1222 diem
1009 1166 1166 1224 collaturus

137 1265 221 1323 esset,
251 1266 528 1328 repraesentaturum,
556 1267 585 1312 et
610 1257 739 1330 proxima
766 1268 851 1312 nocte
875 1257 911 1312 de
938 1258 1038 1330 quarta
1065 1258 1165 1332 vigilia

138 1355 231 1400 castra
252 1356 405 1414 moturum,
427 1355 458 1401 ut
485 1345 571 1419 quam
598 1345 721 1420 primam
750 1347 908 1422 intelligere
934 1358 1039 1422 posset,
1068 1347 1164 1404 utram

139 1435 213 1509 apud
237 1453 285 1491 eos
306 1435 396 1509 pudor
420 1447 504 1509 atque
531 1437 667 1507 officium,
691 1457 726 1494 an
754 1439 838 1494 timor
866 1438 979 1494 valeret.
1020 1437 1111 1498 Quad
1138 1441 1164 1496 si

138 1537 274 1600 praterea
294 1545 379 1582 nemo
402 1538 545 1600 sequatur,
567 1538 662 1584 tamen
683 1547 713 1584 se
737 1547 804 1584 curn
826 1529 887 1586 sola
911 1528 1024 1585 decima
1049 1529 1164 1605 legione

138 1617 253 1687 iturum,
269 1618 304 1674 de
318 1619 375 1691 qua
389 1637 446 1674 non
461 1618 618 1687 dubitaret;
641 1619 752 1692 sibique
767 1637 829 1675 eam
840 1621 1000 1694 praetoriam
1016 1620 1163 1676 cohortem

138 1707 278 1765 futuram!
335 1709 413 1766 Huic
440 1709 547 1786 legioni
576 1710 673 1765 Caesar
700 1722 729 1766 et
763 1699 919 1766 indulserat
950 1712 1105 1786 praecipue,
1134 1722 1165 1767 et

137 1813 249 1873 propter
264 1801 395 1856 virtutem
410 1801 572 1856 confidebat
587 1799 718 1858 maxima.

177 1890 256 1946 XLl.
286 1891 351 1946 Hac
366 1892 494 1947 oratione
509 1892 615 1960 habita,
632 1892 734 1948 mirum
751 1891 779 1946 in
794 1891 910 1946 modum
931 1911 1074 1948 conversae
1096 1905 1163 1950 sunt

59 2013 62 2018 Δ
138 1981 265 2036 omniurn
280 1992 398 2051 mentes,
413 2000 580 2054 summaque
595 1983 726 2038 alacritas
744 1993 773 2038 et
793 1982 935 2056 cupiditas
955 1983 1021 2039 belli
1044 1985 1162 2058 gerendi

139 2070 236 2126 innata
256 2082 307 2140 est,
323 2072 512 2145 princepsque
537 2073 651 2128 decima
674 2073 750 2148 legio
768 2091 818 2146 per
842 2063 971 2128 tribunos
991 2073 1112 2129 militum
1134 2075 1161 2131 ei

139 2161 243 2237 gratias
257 2163 325 2238 egit,
341 2161 417 2235 quad
432 2163 467 2218 de
481 2181 512 2218 se
532 2163 670 2238 optimum
689 2163 830 2238 judicium
852 2163 975 2233 fecisset,
990 2183 1077 2238 seque
1098 2183 1162 2222 esse

139 2254 174 2308 ad
189 2252 293 2309 bellurn
308 2253 464 2328 gerendum
475 2254 682 2326 paratissimam
694 2253 878 2308 confirmavit.
920 2254 1033 2311 Deinde
1045 2255 1161 2328 reliquas

139 2343 265 2419 legiones
279 2362 328 2417 per
342 2344 471 2400 tribunos
485 2344 607 2400 militurn
621 2355 649 2400 et
662 2345 817 2418 primorum
832 2345 964 2400 ordinum
979 2347 1162 2402 centuriones

139 2445 267 2508 egerunt,
284 2432 323 2490 uti
339 2434 447 2490 Caesari
461 2435 674 2518 satisfacerent:
698 2442 745 2490 ‘se
760 2451 852 2508 neque
869 2455 993 2508 unquam
1004 2436 1160 2506 dubitasse,

138 2543 230 2598 neque
258 2525 396 2595 timuisse,
422 2544 515 2598 neque
542 2526 578 2581 de
602 2526 713 2580 summa
739 2525 805 2581 belli
829 2545 911 2582 sunm
934 2521 1087 2600 judiciam,
1110 2528 1159 2582 sed
1238 2571 1242 2578 .

138 2616 314 2690 imperatoris
332 2635 394 2673 esse
418 2616 639 2672 existimavisse!
682 2615 790 2672 Eorum
817 2615 1010 2671 satisfactione
1032 2618 1160 2690 accepta,

137 2720 164 2762 et
180 2708 280 2764 itinere
294 2708 436 2781 exquisito
449 2726 499 2782 per
514 2707 699 2776 Divitiacum,
715 2697 796 2779 quad
816 2725 851 2762 ex
876 2706 938 2762 aliis
960 2706 986 2762 ei
1008 2707 1160 2763 maximam

138 2797 221 2852 fidem
237 2798 368 2866 habebat,
385 2810 416 2853 ut
429 2799 550 2854 millium
573 2795 694 2870 amplias
718 2797 925 2870 quinquaginta
946 2796 1067 2852 circuitu
1089 2797 1171 2853 locis-

139 2888 242 2960 apertis
256 2889 412 2943 exercitum
427 2888 553 2955 duceret,
569 2887 604 2943 do
623 2885 723 2959 quarta
745 2885 852 2959 vigilia,
867 2896 898 2941 ut
919 2885 1037 2955 dixerat,
1051 2887 1162 2960 profec-

138 2987 183 3032 tus
197 2989 247 3033 est.
290 2977 419 3050 Septimo
432 2977 488 3045 die,
504 2995 590 3050 quum
606 2978 658 3032 iter
676 2995 734 3031 non
756 2975 963 3044 intermitteret,
979 2977 1014 3031 ab
1035 2978 1161 3052 explora·

139 3067 246 3123 toribus
261 3067 364 3122 certior
380 3067 471 3122 factus
485 3078 527 3123 est
541 3067 677 3123 Ariovisti
692 3066 789 3140 copias
804 3085 820 3121 a
834 3066 937 3122 nostris
953 3066 1079 3122 millibus
1099 3087 1161 3142 pas·

138 3177 221 3214 suum
235 3167 355 3230 quatuor
369 3168 398 3213 et
411 3157 511 3232 viginti
527 3158 631 3214 abesse.

178 3247 272 3303 XLII.
301 3247 426 3322 Cognito
440 3247 561 3304 Caesaris
579 3243 711 3318 adventu,
727 3247 888 3304 Ariovistus
907 3246 1017 3321 legatos
1038 3246 1072 3302 ad
1093 3265 1159 3304 eum

139 3338 241 3394 mittit:
271 3337 367 3410 ‘quod
392 3348 475 3394 antea
498 3338 534 3394 de
558 3339 700 3411 colloquio
723 3338 903 3412 postulasset,
926 3337 954 3393 id
975 3356 1025 3412 per
1045 3355 1076 3393 se
1099 3337 1158 3394 fieri

139 3427 236 3496 licere,
261 3427 396 3500 qnoniam
419 3425 535 3502 propias
564 3429 746 3497 accessisset;
778 3446 864 3500 seque
889 3427 917 3484 id
945 3427 1006 3483 sine
1032 3428 1160 3502 periculo

140 3517 235 3573 facere
261 3535 344 3591 posse
365 3518 544 3573 existimare?
596 3516 664 3572 Non
691 3519 798 3591 respuit
824 3517 1017 3573 conditionem
1046 3517 1158 3575 Casas:

138 3605 252 3682 jamque
273 3626 338 3664 eum
360 3607 395 3662 ad
417 3608 566 3664 sanitatem
586 3608 687 3663 reverti
710 3608 906 3676 arbitrabatur,
921 3627 1008 3680 quum
1031 3607 1069 3675 id,
1085 3607 1159 3680 quod

142 3710 225 3754 antea
250 3697 358 3772 petenti
382 3696 561 3773 denegasset,
589 3697 664 3752 ultro
690 3697 888 3770 polliceretur3
921 3715 1110 3770 magnamque
1131 3697 1158 3752 in

141 3808 219 3862 spem
233 3789 373 3857 veniebat,
388 3807 440 3862 pro
454 3788 512 3843 suis
533 3787 619 3842 tantis
632 3786 786 3860 populique
807 3786 933 3843 Romani
958 3787 987 3841 in
1007 3804 1072 3842 eum
1095 3786 1160 3842 ben·

140 3877 241 3949 eficiis,
262 3879 385 3954 cognitis
406 3879 466 3936 suis
488 3876 647 3952 posttdatas,
669 3876 739 3944 fore,
760 3875 800 3933 uti
821 3876 981 3951 pertinacia
1004 3875 1159 3937 desisteret
