2566 4270
141 301 184 364 sa
471 297 520 348 nn
540 293 659 350 sueto
683 295 844 348 caturco
960 315 965 323 -
1010 295 1092 362 [on.
1110 295 1183 346 1-4.

144 429 283 500 inferesse
296 439 383 498 etiam
398 439 428 498 ia
442 439 586 515 reliquum
598 450 713 515 tempus
728 439 764 496 ad
777 438 945 515 opinionem
959 437 1063 496 Gallis
1079 437 1183 496 existi·

144 552 235 604 mans,
250 543 344 590 tantas
362 531 453 590 videri
473 531 564 588 Italiae
586 531 748 599 facultates,
762 542 804 602 ut,
818 531 842 587 sl
866 530 935 604 quid
955 541 1031 587 esset
1053 529 1083 586 in
1106 529 1182 588 bello

144 623 309 682 detrimenti
330 635 491 699 acceptum,
513 639 571 680 non
593 621 678 680 modd
700 623 730 680 id
752 623 830 680 brevi
850 633 980 698 ternpore
1001 621 1114 692 sarciri,
1128 621 1180 678 sed

144 715 237 772 etiam·
246 715 400 791 majoribus
415 714 551 790 adaugeri
566 714 658 790 copiis
670 724 775 789 posset.
815 713 907 774 Quod
921 731 1013 787 quum
1020 712 1180 788 Pompeius

145 816 175 866 et
187 807 353 882 reipublicae
368 817 397 864 et
412 805 546 864 amicitie
561 805 717 876 tribuisset,
732 805 865 862 celeriter
885 805 1021 862 confecto
1039 823 1091 880 per
1113 823 1181 864 suos

145 897 270 968 delectu,
284 898 376 956 tribus
391 908 456 954 ante
471 907 600 956 exactam
620 896 745 954 hiemem
765 907 795 953 et
815 896 981 954 constitutis
999 907 1028 953 et
1046 895 1181 952 adductis

144 989 317 1066 legionibus,
338 989 542 1065 duplicatoque
562 1005 660 1046 earum
682 987 845 1044 cohortium
865 1005 997 1058 numero,
1018 977 1091 1062 quas
1112 1006 1181 1044 cum

144 1080 185 1142 Q.
200 1079 318 1138 Titurio
333 1081 475 1151 amiserat,
490 1091 519 1138 et
535 1079 683 1136 celeritate
701 1089 730 1136 et
750 1078 843 1154 copiis
864 1078 974 1150 docuit,
989 1078 1060 1154 quid
1080 1077 1182 1154 populi

146 1171 274 1230 Romani
288 1172 441 1246 disciplina
456 1182 540 1246 atque
554 1189 623 1246 opes
636 1181 761 1246 possent.

185 1262 224 1320 II.
254 1262 411 1320 Interfecto
425 1262 632 1332 Indutiomaro,
648 1273 679 1318 ut
693 1261 856 1330 docuimus,
872 1260 907 1317 ad
928 1259 990 1335 ejus
1004 1259 1182 1334 propinquos

147 1372 165 1409 a
177 1351 307 1410 Treviris
321 1354 472 1430 imperium
492 1354 626 1412 defertur.
669 1352 715 1410 Illi
735 1351 873 1408 finitimos
893 1351 1054 1418 Germanos
1076 1351 1183 1408 sollici-

146 1454 208 1500 tare
228 1454 258 1502 et
276 1446 431 1520 pecuniam
450 1444 582 1520 polliceri
606 1463 665 1501 non
689 1443 849 1500 desistunt:
871 1460 959 1515 quum
985 1441 1020 1497 ab
1043 1441 1183 1516 proximis

147 1534 300 1610 impetrare
321 1555 379 1594 non
402 1546 528 1611 possent,
550 1535 700 1592 ulteriores
720 1545 840 1592 tentant.
882 1531 1010 1590 Inventis
1034 1533 1183 1590 nonnullis
1249 1607 1254 1616 Ι

147 1625 322 1698 ciuitatibus,
345 1627 532 1704 jurejurando
555 1626 629 1682 inter
653 1639 684 1681 ee
709 1625 891 1694 confirmant,
916 1624 1125 1697 obsidibusque
1146 1625 1182 1682 de

146 1718 272 1793 pecuniis
295 1729 426 1775 cavent:·
440 1717 638 1792 Ambiorigem
663 1716 719 1772 sibi
741 1715 880 1772 socictate
904 1725 933 1772 et
954 1715 1061 1772 foedere
1084 1715 1183 1790 adjun-

147 1820 227 1886 gunt.
268 1809 386 1870 Quibus
409 1809 495 1866 rebus
519 1807 654 1884 cognitis,
677 1808 784 1877 Caesar,
808 1825 897 1880 quum
921 1807 1049 1880 undique
1073 1807 1183 1864 bellurn

146 1899 241 1974 parari
262 1901 380 1971 videret,
402 1899 536 1970 Nervios,
562 1899 742 1969 Aduatucos,
764 1897 926 1972 Menapios,
955 1898 1099 1973 adjunctis
1120 1899 1184 1954 Cis·

148 1990 283 2048 rhenanis
297 1992 431 2050 omuibus
445 1990 608 2060 Germanis,
623 2008 686 2046 esse
701 1991 729 2046 in
747 1990 843 2060 armis,
859 1991 989 2046 Senones
1004 1989 1039 2045 ad
1062 1989 1184 2064 inrpera·

148 2089 209 2138 tum
232 2100 290 2138 non
316 2082 424 2152 venire,
449 2093 478 2138 et
505 2101 571 2140 cum
600 2081 777 2138 Carnutibus
801 2081 987 2155 finitimisque
1015 2081 1184 2150 ciuitatibus

149 2172 272 2228 consilia
294 2173 520 2243 communicare,
534 2191 559 2229 a
580 2172 711 2230 Treviris
731 2173 892 2230 Germanos
914 2173 1023 2229 crebris
1043 2173 1184 2248 legation-

150 2263 215 2320 ibus
229 2263 391 2332 sollicitari3
413 2263 553 2320 maturius
571 2264 626 2322 sibi
641 2265 677 2320 de
691 2263 767 2320 bello
781 2264 966 2340 cogitandum
981 2265 1098 2338 putavit.

189 2353 244 2410 ΙΙΙ.Ι
272 2353 373 2428 Itaque
384 2354 512 2412 nondum
528 2355 622 2412 hieme
643 2355 788 2425 consecti,
802 2355 940 2430 proximis
954 2355 996 2410 lv
1017 2355 1184 2430 legionibus

149 2444 268 2516 coactis,
290 2445 326 2503 de
347 2446 500 2522 improviso
521 2446 550 2502 in
570 2447 642 2503 fines
665 2445 839 2514 Nerviorum
860 2447 1019 2516 contendit,
1041 2457 1079 2516 et,
1100 2445 1184 2520 priris

149 2537 236 2612 quarn
252 2537 292 2594 illi
308 2548 355 2595 aut
378 2538 532 2594 convenire
554 2549 602 2594 aut
623 2537 777 2614 profugere
799 2548 927 2612 possent,
942 2557 1048 2612 magno
1067 2539 1184 2612 pecoris

150 2641 235 2704 atque
250 2630 398 2687 hominum
413 2649 534 2686 numero
555 2641 649 2704 capto,
666 2641 751 2704 atque
775 2631 810 2686 eei
831 2629 928 2703 praedi
953 2629 1093 2686 militibus
1113 2648 1185 2685 con-

149 2722 241 2792 cessai,
256 2723 429 2797 vastatisque
445 2723 529 2798 agris,
545 2722 574 2778 in
589 2722 765 2778 deditionem
780 2720 877 2777 venire
897 2731 982 2794 atque
996 2721 1111 2778 obsides
1125 2721 1182 2778 sibi

94 2844 98 2850 ·
149 2812 218 2868 dare
233 2813 337 2888 coegit.
380 2814 425 2870 Eo
438 2814 570 2870 celeriter
585 2813 719 2869 confecto
740 2812 866 2887 negotio,
882 2831 981 2868 rursus
1001 2812 1131 2888 legiones
1151 2813 1183 2869 in

151 2901 271 2958 hiberna
294 2904 415 2959 reduxit.
457 2905 592 2960 Concilio
612 2904 714 2959 Galliae
737 2903 831 2978 primo
855 2921 929 2973 vere,
945 2901 985 2961 uti
1009 2903 1182 2975 instituerat,
1232 2940 1234 2944 ν

150 2993 270 3063 indicto,
296 3013 386 3066 quum
409 2993 511 3066 reliqui
532 3005 634 3070 praeter
657 2995 797 3064 Senones,
819 2994 962 3051 Carnutes
986 2994 1184 3068 Trevirosque

150 3084 305 3154 venissent,
328 3083 441 3142 initium
466 3085 534 3143 belli
557 3105 591 3142 ac
613 3085 784 3142 defectionis
801 3086 862 3150 boc
885 3103 949 3142 esse
973 3085 1135 3154 arbitratus,
1150 3097 1184 3144 ut

150 3174 248 3231 omnia
274 3187 445 3251 postponere
468 3178 621 3247 videretur,
649 3177 807 3236 concilium
834 3176 979 3234 Lutetiam
1006 3177 1182 3234 Parisiorum

150 3267 292 3325 transfert.
334 3268 471 3326 Confines
492 3280 572 3326 erant
592 3269 622 3326 hi
648 3269 821 3338 Senonibus,
844 3268 1047 3342 civitatemque
1066 3278 1181 3342 patrum

150 3359 289 3416 memorii
303 3359 529 3435 conjunxerant;
551 3361 601 3417 sed
616 3361 651 3418 ab
672 3361 727 3417 hoc
749 3359 871 3417 consilio
892 3359 1017 3417 abfuisse
1038 3359 1182 3416 existima-

151 3449 263 3507 bantur.
306 3451 372 3508 Hac
395 3469 500 3526 repro
524 3462 661 3527 suggestu
687 3451 890 3527 pronunciatis,
915 3451 1017 3508 eodem
1039 3451 1086 3507 die
1114 3469 1182 3506 cum

151 3540 314 3618 legionibus
341 3543 371 3600 in
393 3543 524 3600 Senones
550 3543 752 3618 proficiscitur,
777 3543 947 3619 magnisque
975 3541 1126 3599 itineribus
1146 3541 1182 3599 eb

150 3635 288 3710 pervenit.
1184 3689 1188 3696 .

191 3725 243 3784 IV.
272 3725 398 3802 Cognito
416 3724 477 3802 ejus
502 3725 635 3795 adventu,
651 3725 744 3796 Acco,
759 3725 808 3800 qui
829 3725 964 3802 princeps
986 3724 1048 3801 ejus
1068 3723 1182 3782 consilii

152 3816 254 3886 fuerat,
277 3817 358 3891 jubet
383 3817 412 3874 in
436 3817 541 3892 oppida
562 3816 775 3889 multitudinem
800 3817 975 3886 convenire3
1002 3815 1183 3888 conantibus,

153 3903 233 3976 priris
247 3906 333 3978 quim
347 3907 377 3964 id
391 3907 468 3964 effici
479 3916 587 3982 posset,
602 3905 702 3962 adesse
721 3907 871 3964 Romanos
891 3908 1066 3978 nunciaturp
1085 3925 1184 3964 neces-
