2578 4270
146 259 187 318 ω
474 253 522 306 DE
545 255 663 306 BELLO
686 257 847 308 GALLICO
979 257 1191 324 [eram-³1.

148 411 226 459 etex
246 398 348 458 castris
371 397 545 470 viderentur,
560 409 640 456 tanta
662 411 816 475 tempestas
837 398 933 458 subitd
958 410 1059 458 coorta
1081 409 1142 470 est,
1156 410 1191 458 et
1220 389 1224 396 ¹
1263 389 1266 398 ¹

147 492 227 548 nulla
241 509 339 548 earum
354 510 470 546 cursum
484 503 583 546 tenere
596 503 701 564 posset,
717 492 766 548 sed
789 491 850 546 alie
872 491 985 562 eodem,
1000 493 1078 548 uude
1100 501 1191 548 erant

147 583 293 657 prosector,
314 582 497 650 referrentur,
521 582 582 636 alios
605 582 639 636 ad
661 583 824 637 inferiorem
846 593 956 656 partem
979 582 1091 651 insulae,
1119 599 1189 654 qure

148 685 190 730 est
204 672 321 748 propius
336 673 403 728 solis
423 690 569 740 occasum,
585 691 690 746 magno
711 673 754 728 sui
778 691 844 726 cum
868 672 999 745 periculo
1021 673 1189 746 dejiceren-

147 773 211 820 tur:
234 783 297 837 quae
318 775 424 832 tamen,
441 763 553 817 ancoris
572 763 667 836 jactis,
683 781 771 834 quum
794 761 930 816 fluctibus
954 763 1187 838 complerentur,

148 854 311 910 necessario
338 854 455 909 adversa
479 863 565 908 nocte
586 853 615 908 iu
638 853 726 907 altum
748 863 890 926 provectae
913 852 1114 912 continentem
1134 867 1188 926 pe·

148 946 263 1000 tierunt.

188 1035 305 1091 XXIX.
335 1034 444 1090 Eadem
459 1043 545 1088 nocte
560 1033 677 1102 accidit,
692 1044 723 1088 ut
737 1043 813 1088 esset
833 1033 903 1088 luna
922 1033 1023 1108 plene;
1046 1034 1097 1108 qui
1118 1033 1187 1090 dies

148 1126 305 1182 maritimos
320 1136 405 1180 aestus
419 1124 557 1179 maximos
572 1123 601 1178 in
616 1123 737 1179 Oceano
751 1125 865 1180 efficere
876 1124 1041 1180 consuevit:
1062 1124 1188 1182 nostris·

148 1234 204 1288 que
219 1216 247 1270 id
261 1226 322 1272 erat
337 1215 525 1288 incognitum.
567 1213 613 1270 Ita
627 1233 685 1269 uno
698 1225 826 1288 tempore
843 1225 872 1271 et
892 1215 992 1290 longas
1005 1233 1104 1285 naves,
1119 1214 1188 1288 qui·

149 1306 202 1360 bus
226 1305 324 1361 Caesar
347 1305 505 1360 exercitum
528 1305 777 1378 transportandum
806 1315 965 1374 curaverat,
993 1323 1123 1379 quasque
1153 1305 1186 1362 in

149 1395 261 1451 aridum
283 1395 467 1463 subduxerat,
490 1395 775 1469 restus'complebat;
808 1406 837 1451 et
864 1396 1019 1465 onerarias,
1047 1411 1112 1469 quer
1146 1394 1187 1450 ad

149 1505 268 1542 ancoras
288 1497 368 1542 erant
389 1485 531 1560 deligatae,
552 1495 705 1559 tempestas
728 1486 897 1554 afflictabat3
920 1503 1013 1558 neque
1036 1485 1096 1542 ulla
1114 1503 1187 1541 nos-

148 1575 198 1632 tris
213 1577 333 1633 facultas
355 1588 403 1632 aut
424 1576 651 1643 administrandi,
668 1588 716 1631 aut
739 1576 896 1630 auxiliandi
918 1575 1047 1631 dabatur.
1093 1575 1185 1632 Gom-

148 1667 276 1741 pluribns
290 1668 410 1724 navibus
432 1667 539 1736 fractis,
554 1667 670 1739 relique
692 1685 779 1739 quum
801 1677 906 1735 essent,
922 1665 1048 1734 funibus,
1064 1667 1184 1724 ancoris

148 1759 321 1832 reliquisque
337 1757 519 1814 armamentis
535 1757 655 1826 amissis,
668 1757 702 1812 ad
717 1757 912 1830 navigandum
924 1756 1049 1825 inutiles,
1062 1775 1183 1832 magne,

150 1849 177 1904 id
192 1849 267 1921 quod
282 1867 401 1905 necesse
416 1859 477 1905 erat
492 1847 634 1916 accidere,
649 1847 737 1903 totius
752 1846 896 1904 exercitiis
909 1846 1088 1920 perturbatio
1102 1847 1185 1904 facta

149 1949 210 1994 est:
233 1939 417 2011 nequeenim
431 1958 518 1994 naves
532 1948 613 1994 erant
636 1938 708 2006 aliae,
724 1937 828 2010 quibus
848 1937 985 2011 reportari
1002 1947 1129 2012 possent,
1152 1949 1185 1996 et

149 2028 246 2082 omnia
260 2028 386 2097 deerant,
401 2047 464 2100 quae
480 2029 515 2084 ad
529 2028 699 2084 reficiendas
714 2047 762 2083 eas
780 2027 846 2082 usui
867 2038 951 2096 sunt;
974 2012 1012 2096 et,
1027 2027 1106 2100 qndd
1120 2048 1185 2084 onr-

149 2118 234 2174 nibns
249 2119 406 2185 constabat,
422 2118 548 2176 hiemare
563 2119 592 2174 in
614 2119 709 2175 Gallia
730 2129 871 2192 oportere,
887 2119 1062 2174 frumentum
1083 2118 1129 2174 his
1151 2117 1184 2174 in

149 2208 220 2264 locis
236 2208 264 2263 in
279 2208 402 2264 hiemem
416 2209 560 2281 provisum
574 2229 636 2266 non.
647 2220 715 2266 erat.

188 2298 289 2354 XXX.
317 2298 434 2358 Quibus
448 2299 533 2354 rebus
553 2301 687 2374 cognitis,
701 2300 848 2374 principes
869 2300 1036 2369 Britannia,
1052 2299 1101 2373 qui
1114 2311 1184 2374 post

148 2389 279 2464 proelium
295 2389 400 2446 factum
416 2389 451 2444 ad
473 2407 516 2458 ea,
532 2409 595 2463 quae
616 2391 739 2465 jusserat
761 2390 868 2460 Caesar,
885 2391 1017 2446 facienda
1038 2409 1185 2448 convene·

149 2491 222 2550 rant,
238 2481 310 2536 inter
332 2498 362 2536 se
383 2480 529 2550 collocuti,
545 2499 632 2554 quum
654 2481 765 2554 equites
789 2491 817 2536 et
839 2500 926 2537 naves
951 2492 979 2538 et
1005 2483 1183 2538 frumentum

149 2571 291 2628 Romanis
305 2572 405 2628 deesse
420 2571 622 2647 intelligerent,
638 2582 666 2628 et
688 2572 863 2646 paucitatem
879 2571 1002 2627 militum
1017 2590 1053 2628 ex
1074 2582 1185 2628 castro-

149 2682 212 2718 rum
227 2663 382 2738 exiguitate
397 2672 615 2738 cognoscerent,
631 2682 693 2736 quae
715 2663 770 2718 hoc
792 2673 873 2718 erant
896 2662 982 2718 etiam
1003 2662 1183 2737 angustiora,

150 2751 227 2825 qubd
252 2753 313 2807 sine
336 2753 547 2825 impedimentis
572 2753 669 2808 Caesar
694 2752 822 2826 legiones
844 2763 1094 2826 transportaverat,
1109 2753 1185 2826 opti·

150 2859 229 2896 mum
243 2841 321 2896 factu
336 2859 397 2896 esse
412 2842 564 2912 duxerunt,
578 2841 734 2898 rebellione
749 2842 836 2912 facta,
848 2842 991 2910 frumento
1005 2853 1185 2898 commeatu·

151 2947 206 3003 que
221 2941 332 2986 nostros
352 2931 503 3003 prohibere
527 2943 556 2989 et
578 2951 638 2988 rem
659 2931 689 2988 in
710 2933 835 2988 hiemem
856 2933 1026 3006 producere,
1042 2931 1130 3004 qudd,
1146 2932 1186 2988 iis

151 3020 290 3094 superatis
305 3031 353 3075 aut
366 3020 459 3078 reditu
474 3022 647 3092 interclusis,
662 3023 807 3078 neminem
828 3033 927 3096 postea
948 3022 1016 3078 belli
1037 3021 1184 3078 inserendi

151 3111 239 3166 causti
254 3110 284 3166 in
299 3109 477 3168 Britanniam
491 3114 676 3170 transiturum
692 3113 882 3170 confidebant.

192 3199 309 3256 XXXI.
337 3199 448 3273 Itaque,
465 3222 562 3258 rursus
584 3203 781 3278 conjuratione
803 3203 890 3272 saotd,
905 3202 1042 3276 paulatim
1065 3219 1101 3258 ex
1122 3219 1209 3256 cas-v

152 3288 204 3346 tris
218 3289 367 3346 discedere
382 3309 415 3346 ao
436 3310 503 3348 suos
524 3291 599 3349 clam
620 3313 655 3350 ex
679 3294 753 3368 agris
776 3293 920 3348 deducere
941 3301 1099 3365 coeperunt.
1142 3290 1187 3347 At

154 3379 260 3450 Caesar,
283 3380 335 3436 etsi
359 3381 487 3438 nondum
511 3401 609 3438 eorum
635 3383 755 3440 consilia
779 3392 962 3457 cognoverat,
978 3392 1074 3438 tamen
1099 3390 1128 3436 et
1149 3397 1187 3436 ex

154 3482 255 3528 eventu
271 3471 385 3526 navium
401 3490 526 3541 suarum,
542 3483 568 3528 et
587 3491 621 3528 ex
641 3491 685 3542 eu,
702 3471 789 3544 qudd
800 3473 913 3547 obsides
934 3471 1002 3527 dare
1025 3470 1188 3528 intermise-

154 3572 227 3633 runt,
253 3562 312 3619 fore
337 3561 375 3630 id,
399 3562 474 3634 quod
498 3562 613 3631 accidit,
641 3562 847 3634 suspicabatur.
890 3561 992 3633 Itaque
1021 3559 1056 3615 ad
1084 3577 1188 3616 omnes

155 3674 239 3710 casus
253 3653 380 3710 subsidia
401 3652 602 3724 comparabat:
623 3671 690 3706 nam
714 3662 743 3706 et
767 3651 940 3706 frumentum
962 3669 997 3706 ex
1020 3650 1095 3723 agris
1117 3667 1189 3720 quo-

155 3745 225 3808 tidie
253 3745 283 3800 in
311 3754 404 3800 castra
431 3741 606 3808 conferebat,
627 3750 656 3796 et
683 3757 746 3810 quae
774 3739 940 3814 gravissime
970 3739 1082 3794 afflicta
1104 3747 1191 3795 erant

156 3847 253 3899 neves.
265 3851 362 3892 aarum
376 3829 496 3888 materie
511 3839 596 3902 atque
610 3846 666 3884 aere
678 3827 713 3884 ad
724 3828 848 3900 reliquas
859 3827 1030 3884 reficiendas
1040 3829 1189 3902 utebatur,
