2566 4270
124 309 183 374 ltu
447 307 495 356 ua
518 305 635 354 annuo
658 305 818 353 Gannico
955 304 1034 368 [crs.
1050 305 1154 356 aa-aa

122 453 213 514 Nacti
236 451 361 521 obsides,
386 469 457 524 quos
482 449 579 506 Cesar
604 448 678 524 apud
700 466 749 504 eos
770 447 952 521 deposuerat,
966 446 1070 503 horum
1091 467 1156 523 sup-

122 546 212 621 plicio
230 543 394 599 dubitantes
408 541 548 597 territant.
590 540 697 596 Petunt
712 559 728 594 a
741 537 982 612 Vercingetorige
1003 537 1105 608 AEdui,
1122 539 1156 594 ad

124 655 155 693 se
167 635 271 704 veniat,
287 633 469 705 rationesque
483 631 551 687 belli
565 630 683 706 gerendi
695 629 899 685 communicet.
941 628 990 684 Re
1005 628 1156 702 impetrati

125 725 312 794 contendunt,
327 735 359 780 ut
373 723 442 797 ipsis
456 741 567 778 summa
587 721 698 794 imperii
719 719 863 795 tradatur:
885 729 924 788 et,
939 737 972 774 re
993 719 1023 774 in
1044 731 1157 776 contro-

124 817 246 873 versiam
269 815 404 884 deducti,
429 814 517 869 totius
540 811 643 868 Galliae
667 810 823 866 concilium
849 809 985 866 Bibracte
1009 810 1156 868 indicitur.

125 905 239 963 Eodem
253 905 429 962 conveniunt
443 903 570 976 undique
584 903 755 975 frequentes.
797 899 995 956 Multitudinis
1013 901 1158 976 suffragiis

125 1015 172 1053 res
204 996 396 1070 permittitur:
429 994 465 1049 ad
496 1011 587 1050 unurn
613 1011 714 1048 omnes
738 991 1008 1067 Vercingetorigem
1034 992 1158 1066 probant

126 1087 348 1160 imperatorem·
377 1085 426 1141 Ab
450 1084 506 1140 hoc
531 1083 657 1140 concilio
678 1081 777 1152 Remi,
792 1081 950 1158 Lingones,
971 1080 1088 1138 Treviri
1112 1082 1159 1138 ab·
1232 1115 1234 1118 -

126 1177 261 1234 inerunt:
284 1177 335 1246 illi,
355 1174 432 1249 quod
454 1174 609 1232 amicitiam
631 1173 830 1229 Romanorum
851 1172 1063 1246 sequebantur;
1085 1171 1160 1228 Tre·

127 1258 191 1337 riri,
206 1266 283 1341 qudd
298 1267 415 1322 aberant
431 1263 557 1340 longids,
571 1275 600 1321 et
621 1265 656 1320 ab
676 1263 830 1319 Germanis
848 1263 1072 1337 premebantur:
1095 1281 1159 1336 quoe

127 1357 181 1414 fuit
196 1376 293 1426 causa,
304 1375 391 1430 quare
405 1367 466 1412 toto
481 1357 613 1411 abessent
624 1355 709 1425 bello,
721 1364 750 1410 et
761 1354 871 1410 neutris
886 1353 992 1410 auxilia
1002 1353 1158 1411 mitterent.

126 1446 238 1522 Magno
252 1447 350 1503 dolore
364 1447 454 1502 AEdui
475 1446 571 1502 ferunt
595 1464 626 1501 se
648 1445 775 1520 dejectos
794 1442 976 1519 principatu;
999 1456 1160 1518 queruntur

128 1537 248 1594 sortunae
269 1537 532 1606 commutationem,
547 1546 576 1592 et
597 1536 720 1592 Caesaris
741 1536 949 1610 indulgentiam
971 1535 1000 1590 in
1020 1553 1051 1592 se
1066 1536 1160 1609 requi·

127 1641 212 1695 runt;
234 1645 327 1702 neque
341 1639 447 1696 tamen,
462 1637 597 1701 suscepto
611 1627 695 1697 bello,
711 1646 794 1682 suurn
810 1626 962 1682 consilium
985 1626 1020 1682 ab
1040 1626 1159 1700 reliquis

128 1737 259 1792 separare
274 1719 387 1774 audent.
429 1717 515 1774 Inviti
537 1736 655 1774 summae
677 1718 737 1792 spei
759 1717 965 1787 adolescentes,
980 1716 1159 1792 Eporedorix

128 1820 156 1864 et
171 1809 379 1878 Viridomarus,
393 1809 627 1884 Vercingetorigi
641 1819 750 1883 parent.

168 1899 276 1956 LXIV.
304 1897 357 1956 Ille
373 1899 492 1973 imperat
512 1899 630 1973 reliquis
651 1899 815 1956 civitatibus
836 1897 969 1954 obsides:
991 1898 1119 1972 denique
1132 1898 1157 1955 ei

128 1988 170 2044 rei
185 1989 333 2045 constituit
347 1990 441 2046 diem:
463 1990 520 2046 huc
534 2009 634 2046 omnes
648 1990 769 2064 equiteS,
785 1989 844 2045 XV
863 1989 953 2045 millia
967 2008 1099 2066 numero,
1114 2008 1159 2046 ce·

128 2079 225 2135 leriter
240 2080 394 2136 convenire
405 2080 503 2154 jubet:
526 2081 687 2150 ‘Peditatu‚
704 2099 788 2154 quem
805 2078 870 2136 ante
886 2080 1074 2151 babuerit,‚se
1099 2081 1158 2137 sore

129 2171 312 2245 contentum'
335 2170 416 2239 dicit,
440 2177 553 2245 ‘neque
577 2172 719 2227 fortunam
747 2180 933 2245 tentaturum,
962 2171 1067 2245 autin
1096 2171 1158 2228 acie

129 2258 346 2328 dimicaturum;
379 2260 439 2329 sed,
464 2261 600 2334 quoniam
624 2262 750 2318 abundet
771 2261 910 2334 equitatu,
934 2262 1072 2336 perfacile
1095 2280 1158 2318 esse

130 2349 208 2405 lactu
223 2349 492 2407 frumentationibus
505 2352 796 2425 pabulationibusque
817 2352 967 2408 Romanos
986 2352 1156 2426 prohibere;

130 2458 212 2513 raquo
227 2438 310 2496 modo
333 2440 431 2496 animo
451 2459 504 2497 sua
524 2441 578 2516 ipsi
603 2441 746 2498 frumenta
762 2453 964 2516 corrumpant,
980 2443 1158 2516 aedificiaque

129 2528 295 2601 incendant,
310 2532 367 2605 quri
381 2530 429 2587 rei
443 2531 591 2588 familiaris
609 2532 723 2607 jactura
741 2543 910 2608 perpetuum
935 2533 1084 2606 imperium
1107 2534 1159 2589 lib-

130 2632 305 2696 anatemque
319 2641 350 2678 se
364 2621 503 2694 consequi
517 2621 650 2679 videant!
694 2623 749 2679 His
764 2622 927 2678 constitutis
941 2623 1036 2692 rebus,
1052 2623 1158 2680 AEduis

131 2711 365 2788 Segusiauisque,
380 2713 429 2786 qui
453 2722 520 2769 sunt
543 2713 658 2770 finitimi
681 2712 847 2787 provinciae,
862 2711 892 2768 X
917 2712 1007 2769 millia
1029 2713 1158 2787 peditum

130 2801 268 2874 imperat:
303 2803 361 2858 huc
388 2803 467 2860 addit
493 2803 604 2877 equites
636 2803 754 2859 DCCC.
811 2803 868 2859 His
896 2803 1017 2877 praeiicit
1043 2804 1158 2862 fratrem

130 2891 346 2967 Eporedorigis,
370 2894 534 2968 bellumque
556 2895 661 2951 inferre
687 2895 894 2970 Allobrogibus
915 2895 1004 2970 jubet.
1057 2896 1159 2952 Alterd

130 2991 259 3054 exparte
279 2982 405 3039 Gabalos
424 2985 625 3058 proximosque
647 3003 737 3060 pagos
758 2985 954 3042 Arvernorum
973 2985 1006 3046 in
1029 2985 1159 3057 Helvios,

131 3070 200 3127 item
213 3070 347 3128 Rutenos
365 3073 571 3148 Cadurcosque
592 3075 627 3130 ad
639 3075 719 3132 'fines
740 3076 898 3132 Volcarum
918 3075 1159 3134 Arecomicorum

130 3159 345 3234 depopulandos
369 3163 463 3220 mittit.
505 3165 608 3222 Nihilo
621 3163 717 3222 minuis
739 3166 925 3222 clandestinis
947 3167 1063 3223 nunciis
1083 3167 1161 3242 lega-

130 3249 315 3324 tionibusque
336 3252 507 3330 Allobrogas
529 3256 673 3326 sollicitat,
693 3275 814 3330 quorum
835 3268 946 3314 mentes
970 3257 1098 3329 nondum
1124 3258 1160 3314 ab

130 3341 277 3413 superiore
297 3342 373 3399 bello
392 3345 532 3401 resedisse
555 3348 694 3420 sperabat.
736 3346 849 3405 Horum
872 3347 1052 3422 principibus
1073 3366 1161 3422 pecu·

130 3429 203 3498 nias,
218 3430 326 3492 civitati
342 3443 437 3490 autern
451 3434 602 3508 imperium
616 3438 704 3494 totius
716 3437 871 3512 provinciae
886 3438 1046 3512 pollicetur.

169 3517 264 3578 LXV.
293 3521 341 3578 Ad
355 3523 407 3580 hos
421 3541 520 3580 omnes
535 3543 619 3582 casus
632 3529 745 3601 provisa
758 3539 840 3586 erant
850 3529 983 3602 praesidia
997 3527 1159 3586 cohortium

131 3610 251 3666 duarum
266 3623 295 3668 et
308 3613 419 3688 viginti,
435 3633 498 3686 quae
512 3631 547 3669 ex
563 3614 624 3689 ipsi
645 3629 746 3674 coacta
764 3619 915 3693 provincia
937 3619 972 3674 ab
994 3618 1026 3674 L.
1043 3617 1160 3676 Caesare

130 3702 225 3776 legato
236 3703 274 3758 ad
289 3722 388 3760 omnes
401 3715 496 3778 partes
510 3708 732 3778 opponebantur.
775 3709 883 3778 Helvii,
898 3711 951 3765 sua
969 3721 1070 3783 sponte
1090 3727 1160 3767 curn

24 3819 29 3830 ¹
129 3790 259 3848 finitimis
279 3793 379 3866 proelio
400 3795 557 3868 congressi,
571 3796 725 3868 pelluntur,
741 3808 769 3854 et
789 3799 823 3856 O.
839 3800 957 3856 Valerio
978 3799 1159 3868 Donotauro,

130 3877 239 3936 Caburi
253 3881 321 3951 filio,
334 3881 615 3955 principandum,
630 3887 882 3961 compluribusque
903 3889 967 3946 aliis
986 3889 1159 3957 interfectis,
