2578 4270
135 299 201 346 cn.
219 299 260 346 ra
280 297 332 358 sat
504 296 611 346 LIBER
632 299 774 348 ruimus.
1126 305 1163 362 13

135 458 247 514 semper
270 440 346 496 alere
368 449 396 496 et
418 441 528 494 circum
553 458 583 496 se
607 441 731 498 habere:
760 460 853 515 neque
877 442 1084 512 solbmdomi,
1113 443 1162 500 sed

135 531 223 588 etiam
239 531 314 604 apud
328 530 461 606 finitimas
476 531 605 587 civitates
613 531 735 607 largiter
748 551 847 607 posse3
871 547 954 607 atque
969 535 1051 610 hujus
1065 546 1160 608 poten·

135 623 183 678 tiae
205 621 292 678 causti
314 635 433 678 matrem
454 623 483 677 in
507 621 683 697 Biturigibus
707 623 816 679 homini
841 625 900 680 illic
921 625 1098 682 nobilissimo
1128 621 1162 681 ab

135 713 334 787 potentissimo
358 713 525 782 collocasse,
554 714 648 786 ipsum
675 731 710 769 ex
737 713 878 769 Helvetiis
902 732 1019 770 uxorem
1047 716 1161 785 habere,

138 822 264 859 sororem
277 822 313 860 ex
326 815 416 859 matre
431 815 459 859 et
472 805 646 877 propinquas
664 823 730 859 suas
750 815 870 877 nuptum
892 803 920 858 in
944 805 1011 860 alias
1033 805 1162 862 civitates

139 895 313 962 collocasse3
336 893 431 949 favere
445 903 474 949 et
488 912 593 967 cupere
608 893 749 950 Helvetiis
764 904 877 968 propter
892 912 955 950 earn
977 895 1160 952 affinitatem:

139 985 233 1041 odisse
258 985 343 1041 etiam
367 1003 420 1040 suo
443 984 560 1039 nomine
582 983 726 1039 Caesarem
748 995 777 1039 et
799 984 956 1053 Romanos,
972 983 1048 1057 qubd
1063 1004 1161 1042 eorum

140 1075 262 1131 adventu
286 1075 414 1150 potentia
438 1075 500 1149 ejus
524 1073 674 1143 diminuta,
697 1084 725 1130 et
747 1074 907 1130 Divitiaous
929 1075 1013 1130 frater
1041 1076 1070 1130 in
1094 1077 1163 1131 anti·

139 1186 226 1240 quum
241 1167 336 1222 locum
351 1166 449 1242 gratiae
466 1177 550 1238 atque
565 1165 680 1220 honoris
701 1165 737 1221 sit
751 1162 904 1220 restitutus.
947 1165 979 1220 Si
1000 1165 1068 1238 quid
1090 1166 1163 1222 acci·

139 1258 187 1313 dat
202 1257 352 1326 Romanis,
368 1275 507 1312 summam
523 1257 551 1311 in
574 1275 652 1330 spem
674 1256 754 1330 regni
775 1273 825 1330 per
847 1255 994 1311 Helvetios
1015 1255 1163 1312 obtinendi

138 1350 252 1416 venire;
276 1349 396 1422 imperio
408 1347 505 1422 populi
521 1347 647 1403 Romani
663 1366 719 1402 non
735 1343 819 1402 modb
841 1347 877 1402 de
898 1365 996 1421 reguo,
1012 1345 1163 1402 sedetiam

138 1439 174 1494 de
197 1441 240 1508 ed,
258 1459 343 1512 quam
368 1439 479 1508 habeat,
503 1439 594 1514 gratia
617 1439 784 1511 desperare?
828 1437 1004 1511 Reperiebat
1025 1435 1109 1494 e'tiam
1134 1437 1154 1497 u

139 1531 292 1604 querendo
324 1529 430 1598 Caesar,
464 1529 540 1604 quod
568 1529 699 1604 proelium
732 1539 863 1602 equestre
889 1527 1036 1583 adversum
1063 1527 1164 1600 paucis

140 1620 322 1701 ante'diebus
336 1632 410 1677 esset
424 1621 541 1690 sactum,
558 1621 670 1676 initium
692 1621 752 1694 ejus
774 1620 848 1694 fugae
869 1619 975 1674 facturn
991 1637 1008 1673 a
1022 1617 1165 1674 Dumnor-

140 1711 186 1787 ige
208 1723 292 1785 atque
317 1711 379 1783 ejus
399 1711 553 1783 equitibus,
570 1711 650 1784 (nam
671 1711 808 1781 equitatu,
824 1727 909 1781 quem
931 1695 1035 1762 auxilio
1056 1706 1164 1764 Caesari

139 1803 229 1858 AEdui
255 1801 399 1868 miserant,
421 1799 581 1855 Dumnorix
604 1801 737 1877 praeerat)
758 1815 913 1871 eorumque
934 1797 1002 1872 luga
1024 1797 1163 1870 reliquunt

139 1911 202 1950 esse
217 1893 374 1966 equitatum
388 1889 579 1965 perterritum.

179 1983 264 2051 XIX.
292 1982 410 2048 Quibus
431 1982 516 2038 rebus
538 1981 670 2058 cognitis,
686 2001 774 2056 quum
790 1982 824 2038 ad
839 1982 890 2039 has
908 1983 1085 2058 suspiciones
1106 2001 1164 2039 cer·

74 2095 78 2110 ·
104 2059 517 2147 ³’tissimae“ies‘aoeederent,
533 2073 610 2148 qubd
631 2093 680 2148 per
701 2074 772 2130 lines
795 2075 993 2148 Sequanorum
1018 2073 1165 2132 Helvetios

130 2165 319 2234 rtraduxisset,
341 2165 418 2240 quod
440 2165 554 2222 obsides
577 2165 650 2222 inter
673 2185 722 2221 eos
745 2165 854 2221 dandos
876 2167 1014 2234 currisset,
1034 2165 1110 2238 qubd
1132 2186 1166 2223 ea

140 2257 237 2312 omnia
251 2277 308 2312 non
323 2255 406 2314 modb
423 2257 532 2332 injussu
547 2277 599 2313 suo
613 2268 641 2313 et
656 2252 789 2326 civitatis
805 2257 955 2313 sedetiam
978 2257 1166 2312 inscientibus

142 2349 218 2422 ipsis,
240 2347 364 2416 fecisset,
377 2348 456 2421 qubd
473 2368 488 2403 a
502 2348 669 2422 magistratu
691 2347 859 2404 AEduorum'
875 2359 1075 2404 accusaretur:
1098 2349 1166 2404 satis

99 2486 102 2493 .
141 2457 203 2494 esse
214 2459 307 2494 causae
324 2439 521 2507 arbitrabatur,
537 2457 624 2511 quare
640 2439 669 2492 in
684 2455 750 2492 eum
768 2449 817 2493 aut
838 2438 897 2512 ipse
919 2437 1165 2508 animadverteret,

142 2541 190 2584 aut
204 2529 347 2585 civitatem
363 2529 586 2584 animadvertere
599 2527 719 2601 juberet.
762 2527 817 2582 His
831 2527 963 2582 omnibus
979 2529 1062 2583 rebus
1078 2547 1165 2584 unum

118 2601 123 2610 .
142 2621 328 2695 repugnabat,
350 2618 427 2690 qubd
451 2618 588 2672 Divitiaoi
614 2617 708 2672 fratris
732 2635 875 2671 summum
899 2617 928 2671 in
950 2618 1085 2690 populum
1108 2619 1167 2675 Ro-

142 2729 258 2765 manum
281 2709 417 2777 studium,
439 2725 578 2762 summam
602 2707 683 2763 inse
705 2707 889 2774 voluntatem,
904 2707 1052 2784 egregiam·
1071 2708 1164 2780 fidem,

143 2801 288 2874 justitiam,
311 2798 528 2874 temperantiam
553 2808 745 2874 cognoverat:
775 2815 851 2867 nam,
876 2816 913 2853 ne
941 2797 1002 2871 ejus
1025 2800 1166 2873 supplicio

143 2892 277 2947 Divitiuci
312 2891 437 2947 animum
466 2890 631 2960 offenderet,
660 2889 817 2946 verebatur.
873 2888 973 2961 Itaque
999 2889 1164 2962 priusquam
1250 2889 1251 2893 ’

142 2983 295 3056 quidquam
311 2995 471 3060 conaretur,
488 2981 663 3038 Divitiacum
680 2981 713 3035 ad
729 2999 758 3035 se
774 2979 868 3035 vocari
881 2979 979 3053 jubet;
1002 2992 1039 3048 et,
1055 2981 1165 3053 ‹protid-

143 3075 214 3130 iunis
239 3075 439 3148 interpretibus
465 3073 589 3141 remotis,
612 3089 662 3145 per
683 3069 717 3127 C.
733 3071 879 3126 Valerium
905 3070 1069 3138 Procillum,
1091 3071 1165 3143 prin-

142 3165 234 3238 cipem
258 3151 545 3238 Galliae-provinciae,
569 3162 735 3218 familiarem
760 3181 852 3230 suum,
875 3161 922 3216 cui
943 3179 1082 3216 summam
1107 3180 1165 3215 om·

143 3256 337 3311 aiunt-rerum
363 3255 447 3310 fidem
473 3254 605 3321 babebat,
627 3271 693 3308 cum
719 3271 753 3308 eo
773 3248 959 3324 colloquitur⁰r
982 3251 1064 3306 simul
1089 3269 1165 3305 corn·

143 3347 305 3414 monefacit,
320 3365 393 3419 quae,
410 3345 471 3418 ipso
484 3355 633 3418 praesente,
648 3343 678 3398 in
700 3343 824 3398 concilio
845 3341 992 3398 Gallorum
1015 3341 1050 3397 de
1077 3341 1165 3396 Dum·

79 3495 84 3506 ,
142 3437 241 3510 norige
256 3437 312 3493 sint
326 3437 412 3505 diota,
428 3447 456 3492 et
471 3435 603 3504 ostendit,
616 3453 678 3508 quae
693 3434 843 3508 separatim
859 3433 979 3506 quisque
990 3432 1025 3488 de
1040 3451 1074 3487 eo
1090 3429 1161 3503 apud
1206 3426 1208 3430 ’

142 3547 172 3582 se
187 3527 307 3582 dixerit:
327 3527 403 3600 petit
419 3537 503 3599 atque
524 3527 660 3594 hortatur,
676 3537 707 3581 ut
731 3525 793 3581 sine
814 3524 874 3598 ejus
898 3523 1054 3578 offensione
1077 3521 1159 3576 anina=

143 3618 185 3674 vel
211 3611 271 3690 ipse
292 3617 327 3672 de
351 3635 395 3688 eo,
410 3618 497 3672 eausa
520 3617 645 3692 cognita,
668 3627 781 3686 statuat,
803 3615 846 3670 vel
872 3614 1016 3670 civitatem
1041 3621 1165 3666 statuere

140 3710 247 3785 jubeat.

181 3800 250 3856 XX.
279 3798 440 3855 Divitiacus
460 3799 556 3854 multis
578 3817 644 3854 curn
665 3796 801 3862 lacrimis,
824 3795 965 3850 Cesarea
989 3787 1164 3862 complexus,

141 3893 292 3950 obsecrare
306 3889 402 3967 coepit.
417 3895 471 3947 ‘ne
485 3890 554 3966 quid
568 3889 682 3967 gravius
696 3887 726 3944 in
740 3886 856 3942 fratrem
870 3893 1024 3941 statueret:
1046 3880 1120 3940 scire
1133 3897 1165 3938 se

455 3981 475 4037 2
