2578 4270
133 305 200 354 en.
216 304 329 367 15-1r.]
483 285 591 352 ereda
613 303 811 352 sneunnus.
1122 307 1160 362 37

133 465 237 503 norum
260 445 400 521 pervenit,
424 445 473 520 qui
497 463 528 502 se
550 465 658 519 suaque
680 445 777 502 omnia
796 445 858 502 sine
880 445 959 501 mor‘d
981 444 1152 501 dediderunt

134 537 244 594 Eorum
259 537 330 594 fines
344 535 373 592 N
375 537 444 594 errii
460 537 656 612 attingebant:
679 556 799 610 quorum
814 536 850 592 de
864 537 966 592 naturai
978 536 1161 608 moribusque

134 628 233 684 Caesar
248 646 336 700 quum
351 637 499 700 quaereret,
514 627 556 683 sic
570 629 748 702 reperiebat:
771 626 909 683 ‘Nullum
926 627 1033 682 aditum
1048 645 1111 682 esse
1126 625 1160 682 ad

135 735 186 776 eos
199 717 422 776 mercatoribus:
445 718 516 773 nibil
538 719 598 792 pati
619 718 677 774 vini
698 719 929 792 reliquarumque
943 736 1037 774 rerum
1053 718 1088 773 ad
1102 717 1162 772 lux·

136 809 228 864 uriam
249 808 454 883 pertinentium
469 808 577 878 inserti,
592 807 670 881 quiid
690 809 734 865 his
757 809 843 864 rebus
867 809 1085 884 relanguescere
1103 807 1162 863 ani-

137 918 200 956 mos
223 918 332 969 eorum,
355 909 384 955 et
407 899 515 954 remitti
539 899 672 954 virtutem
699 900 912 956 existimarent:
943 917 1005 955 esse
1033 898 1162 954 homines

137 989 212 1046 feros
233 1007 403 1065 magnaque
424 989 556 1046 virtutis:
581 989 754 1063 increpitare
774 1001 859 1064 atque
881 989 1014 1045 incusare
1038 989 1162 1062 reliquos

137 1081 251 1156 Belgas,
265 1081 314 1155 qui
329 1099 359 1138 se
372 1080 479 1155 populo
493 1080 629 1136 Romano
642 1080 827 1149 dedidissent,
838 1080 1016 1154 patriamque
1029 1079 1162 1135 virtutem

136 1172 354 1246 projecissent:-
368 1171 538 1228 confirmare
562 1189 624 1228 sese
648 1189 742 1244 neque
768 1171 878 1246 legatos
902 1170 1047 1240 missuros,
1069 1188 1162 1243 neque

137 1262 224 1318 ullam
245 1262 440 1319 conditionem
461 1261 542 1336 pacis
563 1263 749 1336 accepturos!

176 1352 259 1409 XVI.
287 1352 388 1413 Quum
402 1371 452 1427 per
466 1371 565 1408 eorum
584 1352 655 1408 fines
675 1352 802 1408 triduum
823 1352 876 1408 iter
897 1350 1021 1420 fecisset,
1037 1350 1162 1407 invenie-

136 1444 186 1500 bat
199 1461 235 1500 ex
249 1443 368 1518 captivis
382 1443 481 1499 Sabim
496 1442 603 1499 flumen
618 1443 653 1498 ab
668 1443 768 1500 castris
782 1443 842 1500 suis
856 1462 913 1498 non
930 1440 1051 1516 amplitis
1072 1441 1162 1498 millia

135 1553 271 1609 passuum
286 1534 387 1590 decem
402 1535 516 1590 abesse:
539 1544 617 1590 trans
631 1533 660 1588 id
675 1533 780 1590 flumen
801 1551 901 1590 omnes
920 1531 1043 1589 Nervios
1063 1551 1163 1588 conse-

137 1625 223 1695 disse,
238 1625 447 1697 adventumque
462 1624 501 1679 ibi
516 1623 715 1679 Romanorum
729 1635 894 1698 exspectare
913 1621 971 1680 une
991 1643 1058 1680 cum
1080 1624 1163 1680 Atre·

138 1715 250 1771 batibus
264 1726 293 1772 et
306 1713 526 1783 Veromanduis,
542 1713 670 1769 finitimis
687 1714 763 1771 suis:
788 1713 868 1789 (nam
889 1714 933 1770 his
954 1714 1081 1786 utrisque
1101 1731 1163 1787 per-

137 1816 294 1876 suaserant,
310 1803 350 1861 uti
372 1803 493 1860 eandem
517 1804 584 1860 belli
599 1804 741 1860 fortunam
755 1804 950 1878 experirentur
961 1807 982 1882 :)
1004 1803 1162 1878 exspectari

136 1883 224 1954 etiam
246 1897 280 1952 ab
301 1895 346 1952 his
364 1895 583 1951 Aduatueorum
604 1895 711 1969 copias,
728 1906 811 1969 atque
832 1913 894 1952 esse
916 1895 945 1952 in
966 1895 1082 1951 itinere:
1103 1914 1163 1952 rnu-

136 1988 223 2045 lieres
236 1987 341 2060 quique
355 2005 405 2061 per
421 1996 533 2068 aetatem
548 1985 583 2042 ad
595 2005 721 2061 pugnam
737 1986 852 2043 inutiles
863 1986 1034 2055 viderentur,
1051 1985 1079 2042 in
1096 2004 1162 2042 eum
1213 1977 1221 1989 ⁹

137 2079 234 2135 loeum
258 2077 426 2153 conjecisse,
450 2076 507 2151 quo
534 2087 648 2152 propter
672 2077 791 2152 paludes
817 2077 955 2134 exercitui
985 2077 1078 2134 aditus
1104 2097 1162 2134 non

138 2180 221 2226 esset.

177 2259 275 2316 XVII.
304 2258 359 2314 His
373 2259 458 2315 rebus
472 2259 605 2336 cognitis,
621 2261 812 2334 exploratores
833 2259 1073 2332 centurionesque
1093 2277 1163 2333 prrs-

137 2343 233 2419 mittit,
248 2350 297 2424 qui
311 2350 405 2406 locum
420 2350 555 2406 idoneum
570 2351 671 2406 castris
685 2351 820 2426 deligant.
861 2351 1021 2422 Quumque
1042 2369 1076 2405 ex
1097 2349 1163 2405 ded-

56 2429 61 2436 *
139 2441 220 2498 ititiis
235 2440 332 2516 Belgis
346 2440 519 2514 reliquisque
533 2441 624 2496 Gallis
639 2442 810 2514 complures,
825 2441 968 2498 Caesarem
988 2439 1089 2508 secuti,
1105 2441 1161 2495 und

138 2531 191 2588 iter
211 2533 346 2600 facerent,
368 2531 483 2604 qnidam
505 2549 541 2586 ex
561 2531 614 2599 his,
637 2542 668 2586 ut
684 2541 787 2608 postea
808 2549 843 2586 ex
869 2530 989 2604 captivis
1016 2531 1162 2604 cognitum

138 2633 190 2692 est,
206 2641 302 2678 eorum
324 2622 435 2678 dierum
460 2620 669 2676 consuetudine
693 2620 802 2676 itineris
824 2620 913 2675 nostri
938 2618 1080 2675 exercitiis
1103 2637 1164 2692 per·

138 2713 244 2786 specta,
259 2723 343 2770 nocte
359 2711 394 2767 ad
417 2710 539 2767 Nervios
557 2721 758 2785 pervenerunt,
774 2719 858 2782 atque
878 2709 913 2765 iis
933 2709 1164 2766 demonstrarunt

139 2803 212 2859 inter
240 2803 367 2879 singulus
393 2802 521 2876 legiones
549 2801 819 2876 impedimentorum
850 2819 984 2876 magnum
1013 2819 1163 2857 nnmerum

141 2895 327 2963 intercedere,
343 2912 436 2966 neque
450 2911 512 2949 esse
527 2892 683 2966 quidquam
698 2891 817 2968 negotii,
831 2909 918 2964 quum
939 2890 1030 2965 prima
1043 2890 1119 2966 legio
1134 2893 1162 2948 in

138 2996 232 3040 eastra
245 2985 377 3053 venisset,
393 2984 565 3057 reliquaeque
580 2984 708 3058 legiones
722 2961 856 3057 mri‘gnum
878 2981 999 3057 spatium
1022 2982 1162 3052 abessent,

140 3076 213 3131 bane
227 3077 279 3132 snb
294 3075 414 3131 sarcinis
430 3075 550 3130 adoriri:
572 3075 629 3146 qud
643 3073 735 3146 pulsi,
751 3071 1018 3146 impedimentisque
1035 3071 1162 3146 direptis,

141 3167 273 3236 futurum,
289 3177 320 3221 ut
333 3165 449 3238 reliqnae
471 3162 572 3219 contra
594 3163 750 3218 consistere
771 3182 828 3218 non
851 3163 995 3220 auderent.
1038 3162 1164 3236 Adjuva-

140 3257 186 3312 bat
208 3257 292 3313 etiam
320 3275 418 3311 eornm
440 3253 602 3322 consilium,
618 3253 665 3326 qui
691 3273 749 3309 rem
775 3251 1042 3326 deserebant,qudd
1062 3253 1163 3309 Nervii

140 3348 305 3420 antiquitus,
321 3364 408 3418 quum
430 3344 558 3416 equitatu
580 3344 650 3399 nihil
672 3358 796 3417 possent,
819 3343 926 3419 (neque
950 3344 1027 3400 enim
1052 3344 1086 3399 ad
1108 3344 1164 3400 hoc

139 3450 251 3510 tempus
265 3437 291 3492 ei
307 3435 347 3490 rei
362 3434 486 3503 student,
502 3434 561 3502 sed,
577 3434 714 3507 quidquid
728 3445 856 3509 possunt,
870 3435 1049 3509 pedestribus
1070 3435 1163 3491 valent

97 3547 99 3554 ’
140 3527 256 3603 copiis),
272 3524 328 3597 qud
351 3521 464 3580 saeilids
484 3523 668 3580 finitimorum
683 3526 850 3599 equitatum,
865 3525 891 3598 si
908 3525 1055 3599 praedandi
1076 3524 1163 3580 causti

141 3618 175 3674 ad
191 3635 240 3672 eos
260 3614 392 3683 venisset,
408 3613 587 3688 impedirent,
602 3617 708 3672 teneris
729 3616 877 3672 arboribus
898 3615 997 3672 incisis
1018 3624 1102 3684 atque
1123 3614 1164 3669 in-

140 3707 230 3777 flexis,
245 3705 353 3762 crebris
368 3705 396 3762 in
410 3705 589 3762 latitudinem
609 3707 695 3763 ramis
716 3707 816 3775 enatis,
832 3717 860 3762 et
880 3705 959 3761 rubis
979 3702 1164 3776 sentibusque

139 3797 306 3874 interjectis,
321 3795 484 3865 effecerant,
500 3807 530 3854 ut
544 3797 631 3854 instar
646 3798 720 3853 muri
734 3797 778 3853 hae
799 3815 881 3870 sepes
901 3793 1078 3851 munimenta
1095 3812 1165 3868 prs·

139 3891 257 3958 berent;
278 3885 335 3962 quir
350 3905 408 3946 non
423 3885 508 3944 modd
529 3886 638 3958 intrari,
653 3887 703 3945 sed
724 3906 760 3944 ne
780 3885 904 3962 perspici
925 3882 1040 3958 quidem
1060 3895 1154 3960 posset
