2578 4270
161 328 217 374 cu
244 329 356 392 rr-rar
528 331 635 380 ranna
657 332 799 382 narnus.
1153 334 1185 388 11

161 469 232 540 dari,
248 470 327 544 quiid
344 491 392 528 eas
412 491 466 544 res,
482 492 552 547 quas
572 475 659 551 legati
681 475 808 533 Helvetii
825 477 1116 548 ,courmemorassent
1131 492 1188 532 me·

161 563 253 617 moria
268 570 386 632 teneret,
403 575 487 638 atquc
501 583 536 621 eo
550 566 664 641 gravius
679 568 761 637 ferro,
778 588 834 641 quo
852 566 948 624 mimis
969 568 1071 624 merito
1090 567 1188 642 populi

162 653 290 708 Romani
320 656 516 736 accirlissentr
543 658 591 730 qui
619 659 643 712 si
676 659 797 732 alicujus
831 651 943 733 injuririr
971 659 1026 714 sibi
1054 659 1188 714 conscius

164 744 272 814 suisset,
300 765 357 802 nou
381 749 467 804 luisse
491 748 607 804 difficile
633 769 751 804 rurore:
782 751 831 804 sud
859 769 894 804 eo
922 749 1083 824 deceptum,
1112 748 1209 822 qubd'

163 853 257 908 neque
275 839 459 894 commissum
482 859 498 894 a
520 859 551 894 se
571 840 752 914 intelligeret,
767 860 854 914 quaro
876 841 997 910 timeret,
1012 859 1105 914 noque
1127 841 1189 895 sine

165 927 253 984 causti
266 928 424 986 timendum
438 941 558 1004 putaret.
599 929 691 990 Queat
706 933 730 986 si
743 932 846 987 veteris
862 933 1042 988 contumeliae.
1058 930 1188 985 oblivisci

165 1018 258 1089 vellet,
273 1037 342 1076 num
364 1021 451 1077 etiarn
472 1021 632 1076 recentium
657 1021 835 1095 injuriarum,
850 1020 938 1096 qubd,
958 1040 993 1080 eo
1017 1022 1115 1090 invito,
1137 1021 1189 1076 iter

164 1127 214 1183 per
227 1105 403 1184 provinciam
416 1130 467 1185 per
481 1112 538 1166 vim
554 1113 651 1167 tantais,
668 1123 720 1180 nt,
737 1110 814 1184 quiid
835 1111 956 1181 AEduos
972 1108 1050 1184 qubd
1070 1112 1190 1166 Ambar-

165 1219 220 1272 ros,
248 1200 325 1275 qubd
349 1202 521 1277 Allobroges
543 1214 701 1272 romualt,
730 1203 896 1258 inanioriun
921 1202 1063 1276 deponere
1085 1204 1190 1276 posset

163 1290 255 1354 Qudd
275 1292 328 1348 sud
347 1291 468 1349 victoria
491 1305 550 1350 tam
575 1294 729 1350 insolenter
751 1293 951 1369 gloriarentur,
973 1290 1107 1366 qubdque
1132 1303 1190 1348 tarn

165 1382 214 1438 diu
229 1401 260 1439 se
278 1382 395 1458 impune
414 1384 514 1442 tulisse
533 1385 651 1459 injurias
673 1385 890 1454 admirarentur,
905 1382 1007 1439 cbdem
1028 1383 1170 1457 pertinere
1183 1403 1194 1438 :.

165 1473 320 1531 consuesse
334 1475 411 1532 enirn
425 1475 494 1532 deos
508 1475 691 1545 immortales,
707 1473 762 1548 qud
778 1473 893 1550 graviiis
914 1474 1045 1530 hominos
1065 1492 1100 1530 ex
1114 1492 1190 1528 oom-

165 1566 323 1622 mutatione
336 1585 432 1622 rerum
446 1566 570 1636 doleant,
585 1585 656 1638 quos
670 1586 721 1639 pro
736 1567 844 1621 scelere
859 1584 958 1622 eorum
975 1564 1077 1620 ulcisci
1092 1565 1189 1634 velint,

165 1655 209 1712 his
236 1657 422 1712 secundiores
449 1656 593 1712 interdum
620 1677 665 1712 res
700 1667 728 1712 et
755 1656 964 1712 diuturniorem
992 1655 1189 1728 impunitatem

165 1746 335 1804 concedere.
376 1746 478 1804 Quum
493 1764 527 1799 ea
541 1747 581 1800 ita
595 1747 660 1814 sint,
675 1756 781 1814 tamen,
793 1746 817 1799 si
831 1746 945 1800 obsides
960 1746 995 1800 ab
1010 1745 1043 1799 iis
1055 1745 1108 1800 sibi
1124 1745 1191 1802 den-

114 1865 128 1873 ,
165 1848 222 1906 tur,
238 1833 280 1892 uti
301 1853 344 1904 ea,
367 1853 430 1907 quae
451 1834 650 1908 polliceantur,
666 1835 790 1890 l'acturcs
815 1835 969 1910 intelligat;
992 1845 1019 1891 et
1041 1835 1065 1892 si
1086 1836 1190 1892 AEduis

166 1927 202 1983 de
217 1925 338 2000 injuriis,
353 1944 423 2000 quas
438 1925 506 1998 ipsis
521 1924 663 1999 sociisque
684 1944 782 1982 corum
804 1925 961 1995 intulerint,
978 1925 1045 1982 item
1066 1926 1089 1982 si
1112 1929 1190 1983 Allo-

165 2018 302 2093 brogibus
329 2016 515 2086 satisfaciant,
544 2035 607 2074 sese
635 2036 701 2074 oum
729 2017 764 2074 iis
797 2036 898 2092 pacem
933 2035 995 2072 esse
1029 2018 1187 2075 facturum!

165 2110 271 2166 Divico
291 2107 455 2183 respondit:
486 2107 551 2164 ‘Ita
578 2107 727 2165 Helvetios
752 2128 768 2164 a
789 2109 943 2182 majoribus
964 2108 1024 2164 suis
1047 2109 1189 2165 institutos

166 2219 237 2270 esse,
251 2199 292 2258 ull
307 2199 421 2256 obsides
436 2199 577 2274 accipere,
592 2219 649 2257 non
663 2200 731 2257 dare
746 2201 964 2258 consueverint:
988 2200 1049 2275 ejus
1068 2199 1109 2256 rei
1123 2221 1190 2275 pop-

167 2291 244 2348 ulum
258 2290 425 2349 Romanum
446 2310 508 2349 esse
529 2292 649 2348 testem?
710 2291 776 2348 IIoc
791 2311 927 2366 responso
942 2289 1018 2360 data,
1034 2291 1173 2347 discessit.

205 2381 270 2440 XV.
311 2381 431 2440 Postero
454 2382 501 2438 die
525 2387 618 2438 c'astra
639 2400 675 2436 ex
697 2400 732 2438 ec
753 2381 818 2438 loeo
839 2391 972 2438 movent:
995 2382 1071 2437 idern
1092 2381 1189 2438 Caesar

167 2471 245 2542 facit,
276 2473 493 2547 equitatumque
522 2489 637 2528 ornnem
669 2471 703 2526 ad
730 2490 881 2528 nnrncrurn
910 2482 1030 2544 quatuor
1058 2471 1188 2541 millium,

166 2579 251 2634 quem
265 2563 392 2618 exomni
405 2561 555 2634 provincia
579 2571 608 2616 et
623 2559 727 2615 AEduis
743 2571 826 2631 atque
841 2579 941 2616 eorum
955 2560 1042 2616 sociis
1056 2573 1187 2617 coactum

165 2651 299 2719 habebat,
312 2650 469 2724 praemittit,
484 2648 533 2720 qui
557 2650 681 2716 videant,
696 2667 766 2721 quas
788 2649 817 2704 in
839 2659 935 2723 partes
958 2649 1054 2705 hostes
1078 2649 1130 2706 iter
1151 2652 1189 2708 fa·

166 2741 252 2798 ciant.
294 2731 357 2800 Qui
375 2736 509 2812 cupidids
529 2737 713 2794 novissimum
736 2757 839 2814 agmen
860 2738 992 2809 insecuti,
1009 2739 1102 2796 alieno
1116 2742 1188 2798 'loco
1231 2813 1235 2818 Ι

166 2851 232 2888 oum
257 2830 385 2905 equitatu
409 2829 607 2886 Helvetiorum
630 2830 761 2904 proelium
780 2825 975 2899 committunt,
988 2841 1025 2892 ,et
1047 2833 1131 2905 pauci
1153 2834 1188 2890 de

166 2923 269 2978 nostris
283 2922 414 2979 cadunt·
438 2921 509 2985 Quo
528 2921 628 2994 proelio
648 2921 753 2978 sublati
774 2920 910 2990 Helvetii,
926 2920 1003 2994 quod
1024 2923 1188 2996 quingentis

166 3012 309 3086 equitibus
329 3023 435 3068 tautam
461 3013 672 3068 multitudinem
693 3012 820 3085 equitum
842 3012 1034 3086 propulerant,
1050 3014 1188 3070 audacilrs

166 3099 559 3176 subsistere,.nonnunquam¹
580 3121 615 3158 ex
638 3102 793 3157 novissimo
818 3103 931 3176 agmine
954 3104 1055 3175 proelio
1076 3115 1187 3159 nostros

167 3194 304 3251 lacessere
321 3206 493 3268 coeperunt..
520 3193 615 3248 Cesar
631 3211 697 3247 suos
719 3211 734 3246 a
754 3193 854 3265 proelio
875 3193 1049 3260 continebat,
1066 3212 1098 3249 ac
1119 3196 1187 3250 satis

169 3284 287 3340 habebat
303 3286 330 3340 in
344 3275 495 3359 q‘rrarsentia
510 3284 618 3337 hebrom
634 3281 749 3355 rapinis,
763 3283 995 3355 pabulationibus
1009 3284 1186 3356 population-

168 3375 285 3448 ibusque
305 3377 465 3449 prohibere.
508 3373 552 3428 lta
572 3372 633 3428 dics
653 3373 768 3428 circiter
786 3372 951 3444 quindecim
974 3373 1025 3428 iter
1047 3373 1186 3445 fecerunt,

166 3465 205 3522 uti
223 3467 294 3522 iuter
309 3466 494 3521 nouissimum
516 3463 639 3518 bostium
661 3481 763 3538 agmen
784 3473 812 3518 et
835 3473 963 3518 nostrum
983 3463 1107 3541 primum
1129 3484 1186 3521 non

166 3557 286 3628 amplius
301 3556 394 3626 quinis
411 3565 458 3609 aut
473 3553 549 3608 senis
563 3553 688 3609 millibus
702 3572 837 3626 passuum
851 3553 1007 3609 interesset.

204 3645 286 3702 XVI.
329 3644 446 3700 Interim
475 3643 602 3715 quotidie
634 3643 730 3699 Caesar
760 3643 872 3699 AEduos
900 3643 1082 3714 frumentum,
1110 3645 1186 3716 quod

165 3748 259 3794 carent
282 3733 397 3809 publice
418 3733 549 3807 polliciti,
575 3733 718 3808 flagitare:
740 3753 807 3788 nam
830 3743 944 3807 propter
969 3733 1083 3807 frigora,
1109 3735 1186 3808 qubd

164 3829 259 3884 Gallia
273 3827 325 3882 sub
342 3823 601 3900 septemtrionibus,
616 3835 647 3881 ut
669 3822 735 3880 ante
755 3823 866 3880 dictum
887 3833 939 3892 est,
953 3823 1047 3897 posita
1060 3835 1112 3896 est,
1127 3845 1184 3882 non

165 3919 249 3976 modii
266 3919 406 3976 frumenta
421 3915 449 3974 in
465 3914 540 3990 agris
550 3927 662 3974 matura
674 3935 732 3972 non
746 3923 836 3984 erant,
848 3913 898 3970 sed
912 3931 948 3970 ne
958 3914 1056 3989 pabuli
1070 3915 1183 3991 quidem
