2578 4270
161 333 349 398 curata]
535 329 805 380 iteraremus.
1145 331 1185 388 525

161 475 233 533 Dies
258 475 402 549 colloquio
425 474 519 531 dictus
540 485 583 531 est
606 493 698 530 exeo
720 473 766 529 die
788 473 911 546 quintus.
954 469 1082 540 Interim,
1097 489 1184 543 quum

161 586 236 641 saepe
252 568 325 622 ultro
338 567 468 640 citroque
482 566 567 640 legati
583 566 719 622 intereos
739 565 927 632 mitterentur,
942 561 1102 625 Ariovistus
1122 581 1185 636 pos·

163 658 272 727 tulavit,
300 665 356 713 ‘ne
378 674 462 729 quem
486 656 611 731 peditem
636 655 671 710 ad
695 654 869 728 colloquium
893 653 989 709 Caesar
1013 652 1183 708 adduceret:

162 749 252 804 vereri
266 766 306 817 se,
321 765 357 803 ne
372 765 421 822 per
436 747 554 802 insidias
576 747 610 802 ab
631 765 666 804 eo
686 745 959 802 circumveniretur:
982 754 1099 816 uterque
1117 762 1184 798 cum

163 811 289 910 equitadr
304 839 432 894 veniret:
455 835 634 892 alteratione
652 855 683 892 se
705 855 762 892 non
783 853 845 891 esse
865 835 1033 892 venturum!
1076 834 1183 902 Ceasar,

162 928 240 1002 qudd
260 946 352 1002 neque
374 927 549 1001 colloquium
572 927 739 1001 interposita
760 927 848 982 causti
875 926 937 981 tolli
955 926 1076 994 volebat,
1091 943 1184 997 neque

162 1019 282 1075 salutem
296 1037 377 1074 suam
399 1018 548 1074 Gallorum
572 1018 699 1090 equitatu
714 1018 891 1072 committere
915 1015 1045 1084 audebat,
1061 1033 1182 1070 commo·

161 1109 309 1165 dissimum
324 1127 386 1166 esse
399 1109 507 1177 statuit,
522 1109 656 1164 omnibus
669 1107 750 1181 equis
764 1106 855 1163 Gallis
875 1107 1018 1178 equitibus
1039 1105 1183 1174 detractis,

161 1197 196 1255 eb
211 1200 382 1274 legionarios
395 1200 500 1255 milites
513 1199 635 1274 legionis
648 1198 777 1268 decimae,
792 1198 840 1252 cui
861 1197 947 1270 quam
971 1194 1094 1252 maxime
1117 1214 1183 1251 con·

161 1289 275 1360 fidebat,
300 1290 454 1364 imponere,
480 1300 511 1346 ut
529 1288 692 1364 praesidium
714 1287 800 1362 quim
829 1287 1042 1357 amicissimum,
1063 1287 1086 1343 si
1114 1287 1182 1360 quid

161 1399 232 1454 opus
256 1381 332 1437 facto
356 1391 440 1450 esset,
461 1381 586 1436 haberet.
627 1379 717 1438 Quod
739 1397 827 1452 quum
851 1378 941 1448 lieret,
956 1397 1013 1434 non
1036 1378 1181 1435 irridicule

161 1471 275 1543 quidam
290 1490 325 1528 ex
343 1471 481 1528 militibus
502 1471 621 1526 decimae
639 1470 761 1545 legionis
778 1470 859 1540 dixit,
882 1471 974 1544 ‘plus‚
996 1469 1081 1543 quarn
1102 1471 1182 1544 polli-

161 1562 332 1631 clamasset,
347 1561 490 1618 Caesarem
505 1562 530 1617 ei
551 1561 663 1618 facere:
684 1561 843 1635 pollicitum
864 1579 895 1618 se
917 1561 946 1617 in
968 1561 1093 1618 cohortis
1113 1581 1183 1637 prae-

161 1651 239 1708 toriae
253 1653 319 1708 loco
340 1652 481 1708 decimam
501 1651 644 1726 legionem
666 1651 839 1721 habiturum,
854 1671 932 1708 nunc
955 1652 989 1708 ad
1014 1671 1119 1725 equum
1140 1672 1182 1709 re·

161 1743 302 1802 scribere!

200 1833 309 1892 XLIII.
338 1833 476 1890 Planities
490 1843 550 1890 erat
563 1851 676 1907 magna,
691 1842 720 1888 et
734 1831 763 1888 in
778 1834 812 1888 ed
827 1832 953 1888 tumulus
967 1842 1096 1888 terrenus
1114 1831 1181 1890 sutis

161 1927 283 2001 grandis.
326 1925 385 1981 llic
399 1925 479 1981 locus
494 1943 576 1997 aequo
590 1922 649 1980 lere
664 1923 756 1997 spatio
770 1924 805 1978 ab
820 1923 920 1979 castris
934 1923 1061 1996 utrisque
1075 1925 1179 1982 aberat.

162 2016 215 2085 Εὸ,
232 2027 261 2072 ut
275 2027 335 2073 erat
349 2016 467 2085 dictum,
484 2015 518 2071 ad
533 2014 705 2087 colloquium
717 2024 862 2070 venerunt.
904 2013 1061 2090 Legionem
1073 2016 1180 2087 Caesar,

161 2126 245 2180 quam
260 2107 340 2180 equis
354 2107 513 2175 devexerat,
525 2105 655 2180 passibus
670 2105 801 2161 ducentis
813 2106 847 2160 ab
858 2123 893 2162 eo
903 2106 1013 2162 tumulo
1024 2107 1179 2164 constituit.

160 2197 233 2254 Item
247 2199 356 2270 equites
370 2197 504 2254 Ariovisti
522 2197 583 2272 pari
604 2196 751 2253 intervallo
771 2197 967 2253 constiterunt.
1009 2197 1180 2267 Ariovistus

26 2287 51 2309 ‘⁶
121 2303 124 2309 '
160 2306 195 2344 ex
209 2288 289 2361 equis
304 2298 334 2344 ut
348 2287 584 2361 colloquerentur,
600 2297 628 2344 et
641 2298 742 2362 praeter
756 2287 890 2344 sedenos
904 2299 935 2344 ut
950 2288 985 2344 ad
1006 2289 1179 2361 colloquium

161 2379 344 2450 adducerent,
358 2379 517 2452 postulavit.
557 2377 614 2434 Ubi
639 2377 673 2433 ed
695 2389 811 2434 ventum
833 2390 885 2448 est,
900 2379 997 2434 Caesar
1018 2379 1100 2435 initio
1120 2399 1180 2435 ora·

159 2470 245 2526 tionis
259 2489 310 2526 sua
324 2471 495 2542 senatusque
517 2469 546 2523 in
567 2487 633 2522 eum
654 2468 794 2524 beneficia
814 2470 1063 2538 commemoravit;
1086 2470 1180 2543 ‘quod

159 2579 209 2617 rex
224 2559 379 2634 appellatus
393 2569 467 2614 esset
489 2577 505 2612 a
525 2568 634 2626 senatu,
650 2556 725 2630 qubd
749 2558 867 2626 amicus,
882 2557 959 2630 quod
983 2578 1101 2624 munera
1125 2580 1181 2616 am·

159 2652 285 2726 plissima
304 2651 407 2706 missa:
429 2665 513 2720 quam
537 2658 639 2703 temet
658 2648 758 2720 paucis
780 2647 943 2722 contigisse,
958 2659 987 2704 et
1005 2668 1057 2722 pro
1070 2651 1181 2725 magnis

160 2742 307 2798 hominum
334 2737 436 2795 officiis
463 2735 618 2794 consuesse
651 2737 754 2794 tribui’
783 2737 922 2794 docebat:
957 2738 1064 2809 ‘illum,
1092 2759 1179 2813 quum

158 2851 251 2905 neque
267 2831 374 2887 aditum
395 2846 488 2902 neque
508 2847 624 2884 causam
645 2828 808 2903 postulandi
829 2827 933 2903 justam
954 2829 1080 2900 haberet,
1096 2832 1181 2888 bene·

159 2923 225 2979 licio
249 2941 283 2978 ac
310 2921 479 2978 liberalitate
505 2919 557 2976 sud
586 2938 619 2975 ac
640 2920 755 2976 senatuis
776 2938 810 2975 ea
832 2920 949 2992 praemia
973 2925 1177 2978 consecutum!

160 3013 289 3069 Docebat
302 3013 397 3082 etiam,
413 3010 517 3084 ‘quam
531 3021 640 3066 veteres
654 3008 796 3082 quamque
813 3010 896 3085 justae
917 3030 1010 3068 causae
1025 3015 1180 3070 necessitu-

159 3104 234 3160 dinis
258 3104 325 3178 ipsis
350 3122 415 3159 cum
438 3102 542 3158 AEduis
567 3099 793 3170 intercederent3
815 3120 877 3174 quae
900 3104 1014 3159 senatus
1038 3087 1177 3175 consulta,

158 3195 278 3268 quoties,
293 3192 434 3267 quamque
449 3191 607 3247 honorifica
620 3191 649 3246 in
664 3208 713 3247 eos
732 3190 806 3247 facta
825 3203 938 3249 essent:
961 3204 991 3250 ut
1011 3195 1089 3252 omni
1109 3205 1179 3252 tem·

157 3303 226 3360 pore
249 3286 336 3341 totius
355 3283 457 3340 Gallie
479 3281 671 3354 principatum
693 3281 782 3338 AEdui
801 3284 967 3354 tenuissent,
989 3283 1068 3359 priris
1091 3287 1178 3351 etiam

158 3375 244 3449 quam
257 3385 382 3430 nostram
398 3371 552 3426 amicitiam
567 3370 754 3445 appetissent:
775 3374 872 3447 populi
886 3375 1012 3432 Romani
1027 3376 1101 3432 hanc
1116 3395 1178 3434 esse

158 3463 405 3530 consuetudinem,
421 3472 451 3517 ut
465 3460 558 3517 socios
573 3472 656 3535 atque
671 3463 777 3520 amicos
791 3483 849 3520 non
870 3463 955 3520 modd
978 3466 1022 3522 sui
1042 3467 1112 3523 nihil
1131 3467 1178 3523 de·

157 3554 285 3630 perdere,
300 3553 350 3608 sed
364 3553 465 3627 gratia.
480 3552 627 3626 dignitate,
642 3553 749 3611 honore
764 3555 905 3612 auctiores
918 3557 985 3612 velit
999 3575 1079 3614 esse:
1101 3555 1177 3630 quod

157 3642 224 3700 verb
240 3643 274 3698 ad
290 3643 443 3698 amicitiam
464 3643 559 3716 populi
580 3643 706 3700 Romani
730 3645 897 3716 attulissent,
913 3647 942 3701 id
966 3647 1001 3702 iis
1022 3647 1093 3720 eripi
1114 3647 1177 3720 quis

155 3734 213 3810 pati
234 3733 368 3808 possetl’
410 3731 566 3788 Postulavit
589 3733 692 3790 deinde
714 3736 823 3804 eadem,
839 3755 901 3809 quae
925 3736 1026 3811 legatis
1048 3738 1077 3793 in
1099 3755 1177 3794 man-

155 3825 229 3882 datis
243 3824 377 3893 dederat;
399 3830 456 3879 ‘ne
471 3833 519 3879 aut
533 3823 636 3880 AEduis
651 3836 700 3880 aut
713 3843 811 3882 eorum
826 3827 911 3881 sociis
922 3826 1027 3884 bellum
1042 3828 1174 3898 inferret3

469 3913 489 3969 3
