2566 4270
139 303 179 364 00
468 299 513 346 brt
537 297 653 346 BELLO
677 297 838 346 GALLJCO
972 298 1053 361 [Car.
1072 297 1186 346 21-24.

141 447 215 504 citur
243 459 309 498 cum
336 441 515 516 legionibus:
551 440 647 496 locum
675 440 782 514 reperit
809 437 927 514 egregie
955 439 1058 495 uaturd
1092 449 1186 512 atque

142 553 227 608 opere
251 533 411 600 munitnm;
439 543 535 588 tamen
559 531 637 586 hunc
661 531 773 586 duabus
797 549 830 586 ex
855 531 985 604 partibus
1005 549 1184 604 oppugnare

142 624 297 680 contendit.
341 622 457 690 llostes,
471 622 614 696 paulisper
629 621 740 690 morati,
756 622 880 677 rnilitum
900 633 1063 677 nostrorum
1088 622 1183 694 irnpe-

142 725 201 772 tum
217 733 273 770 non
288 714 423 781 tulerunt,
436 731 555 786 seseque
571 712 626 768 aliti
641 730 676 768 ex
690 725 769 786 parte
780 712 877 786 oppidi
889 713 1046 786 ejecerunt.
1093 710 1182 786 Mag-

142 825 197 862 nus
211 807 249 860 ibi
265 823 400 860 numerus
414 805 527 877 pecoris
548 815 687 876 repertus,
701 803 841 876 multique
862 804 892 858 in
917 803 984 878 luga
1006 813 1076 858 sunt
1097 821 1181 857 corn·

142 897 273 972 prehensi
289 909 372 968 atque
388 895 538 950 interlecti.

182 986 282 1042 XXll.
313 985 389 1041 Dum
415 986 476 1042 hac
501 985 529 1040 in
552 985 596 1041 his
617 985 689 1042 locis
711 993 860 1058 geruntur,
879 983 1117 1039 Cassivellaunus
1140 985 1178 1040 ad

143 1076 289 1144 Cantium,
314 1076 391 1150 quod
414 1095 477 1132 esse
500 1077 534 1132 ad
555 1093 633 1132 mare
657 1074 743 1150 snpra
771 1075 1037 1144 demonstravimus,
1067 1077 1178 1147 quibus

142 1168 307 1241 regionibus
321 1179 442 1240 quatuor
464 1185 545 1242 reges
566 1177 715 1241 preerant,
731 1165 909 1240 Cingetorix,
925 1165 1080 1234 Carvilius,
1096 1165 1178 1222 Tax-

142 1257 294 1331 imagulns,
323 1259 466 1333 Segouax,
495 1258 617 1314 nuncios
644 1257 739 1326 mittit,
768 1269 853 1329 atque
887 1255 930 1310 his
957 1256 1090 1330 imperat,
1119 1257 1175 1328 uti,

142 1349 250 1404 coactis
264 1349 397 1404 omnibus
411 1349 512 1422 copiis,
527 1359 621 1404 cestra
641 1348 753 1404 navalia
773 1347 808 1402 de
830 1347 983 1420 improviso
1003 1347 1176 1406 adoriantur

143 1451 227 1512 atque
248 1451 421 1514 oppugnent.
462 1438 488 1496 Ii
512 1458 600 1512 quum
624 1439 659 1495 ad
680 1451 774 1494 castra
797 1438 949 1507 venissent,
971 1440 1072 1509 nostri,
1089 1458 1175 1514 erup-

141 1532 219 1586 tione
241 1531 325 1599 sactti,
342 1531 437 1586 multis
458 1548 556 1586 eorum
579 1530 747 1598 intersectis,
763 1541 848 1603 capto
867 1529 953 1584 etiam
978 1531 1068 1586 nobili
1095 1531 1173 1587 duce

142 1621 327 1695 Lugotorige,
352 1640 419 1678 suos
440 1621 599 1678 incolumes
621 1622 803 1676 reduxerunt.
846 1620 1090 1690 Cassivellaunus,
1114 1623 1172 1678 hoc

141 1713 241 1784 proelio
256 1712 401 1780 nunciam,
416 1723 458 1768 tot
478 1712 657 1768 detrimentis
678 1712 813 1785 acceptiS,
829 1712 944 1768 vastatis
958 1711 1074 1781 finibus,
1092 1731 1172 1768 mux-

142 1802 198 1858 imd
214 1804 299 1858 etiarn
311 1815 454 1875 permotus
465 1803 627 1858 desectione
637 1802 805 1872 civitatium,
817 1803 926 1877 legatos
936 1821 986 1877 per
997 1803 1171 1860 Atrebatem

142 1891 305 1948 Commium
320 1893 355 1948 de
370 1893 514 1950 deditione
530 1893 565 1948 ad
579 1893 722 1948 Caesarem
739 1893 833 1950 mittit.
875 1893 973 1949 Caesar
992 1913 1079 1967 quum
1102 1906 1171 1951 stat·

142 1982 231 2035 uisset
252 1982 375 2036 hiemem
397 1984 426 2038 in
447 1983 606 2039 continenti
627 1995 741 2057 propter
762 1984 925 2057 repentinos
947 1985 1047 2040 Galliae
1071 1997 1169 2042 motus

142 2089 236 2144 agere,
252 2089 344 2143 neque
359 2073 479 2128 multum
494 2075 598 2130 astatis
612 2085 781 2148 superesset,
798 2085 882 2148 etque
899 2075 928 2130 id
950 2073 1033 2131 facile
1055 2077 1168 2134 extrahi

141 2179 223 2234 posse
246 2161 427 2234 intelligeret,
449 2165 562 2220 obsides
587 2165 716 2238 imperat,
731 2176 768 2234 et,
784 2149 852 2238 qnid
875 2166 903 2221 iu
927 2185 1015 2222 annos
1037 2168 1167 2235 singulos

142 2251 288 2325 vectigalis
303 2251 408 2324 populo
422 2252 556 2309 Romano
572 2256 720 2312 Britannia
733 2257 879 2329 penderet,
892 2258 1057 2314 constituit:
1080 2259 1168 2315 inter·

141 2342 212 2397 dicit
227 2352 310 2414 atque
326 2343 444 2414 imperat
458 2343 682 2416 Cassivellaun0,
697 2365 734 2403 ne
755 2346 969 2418 Mandubrati0‚
983 2368 1040 2405 neu
1059 2349 1167 2406 Trino-

141 2433 273 2490 bantibus
288 2444 398 2489 noceat.

178 2524 294 2582 XXlll.
323 2523 480 2582 Obsidibus
513 2527 648 2600 acceptis,
684 2528 841 2584 exercitum
873 2529 985 2585 reducit
1013 2530 1048 2585 ad
1074 2549 1162 2600 mare,

139 2637 224 2676 naves
240 2617 346 2674 invenit
360 2617 489 2674 resectas.
532 2617 587 2674 His
602 2618 742 2686 deductis,
758 2618 834 2693 qudd
853 2631 881 2676 et
896 2621 1071 2694 captivorum
1086 2641 1164 2696 mag·

139 2729 206 2766 nain
235 2728 385 2765 numerum
409 2709 540 2778 habebat,
561 2719 590 2764 et
613 2710 757 2764 nonnulla
789 2722 956 2784 tempestate
984 2712 1162 2785 deperierant

139 2818 234 2866 naves,
249 2799 360 2855 duobus
375 2800 580 2856 commeatibus
601 2799 758 2854 exercitum
779 2812 923 2874 reportare
944 2802 1073 2858 instituit.
1116 2803 1163 2858 Ac

139 2888 182 2942 sic
207 2887 321 2956 accidit,
347 2886 387 2942 utl
413 2907 448 2943 ex
472 2901 552 2946 tanto
573 2888 688 2944 navium
710 2908 839 2959 numero,
860 2903 903 2948 tot
923 2892 1161 2967 navigationibus,

139 2993 232 3048 neque
246 2975 310 3045 hoc,
325 2995 418 3048 neque
433 2980 577 3051 superiore
599 2997 683 3048 anne,
699 2980 757 3036 ulla
776 2982 893 3039 omnino
914 2983 1003 3052 navis,
1018 3002 1080 3055 qnae
1101 2984 1163 3040 mil·

139 3065 192 3122 ites
205 3076 338 3139 portaret,
354 3067 578 3127 desideraretur:
602 3079 629 3126 at
643 3088 678 3126 ex
693 3070 737 3140 iis,
753 3090 815 3143 quae
831 3072 929 3128 inanes
948 3092 983 3130 ex
1003 3074 1160 3130 continenti

140 3155 174 3211 ad
189 3174 254 3212 eum
269 3157 488 3228 remitterentur,
503 3161 606 3234 prioris
619 3161 797 3218 commeatds
816 3164 950 3237 expositis
971 3164 1118 3233 militibus
1133 3175 1161 3222 et

139 3264 209 3318 quas
222 3255 320 3318 postea
330 3246 474 3306 Labienus
489 3251 635 3308 faciendas
646 3264 794 3309 curaverat
805 3271 925 3309 numero
939 3254 1000 3322 LX,
1011 3273 1159 3328 perpaucae

102 3336 118 3365 ·'
138 3335 233 3390 locum
249 3349 398 3410 caperent3
420 3340 536 3414 reliquae
551 3341 610 3398 ferd
625 3362 725 3400 omnes
738 3343 932 3418 rejicerentur.
974 3344 1058 3406 Quas
1073 3364 1158 3417 quum

140 3425 303 3497 aliquandiu
318 3427 415 3487 Casar
430 3430 533 3487 frustra
551 3435 752 3506 exspectasset,
767 3453 803 3491 ne
825 3435 890 3490 anni
911 3446 1039 3509 tempore
1060 3454 1076 3489 a
1096 3453 1159 3490 nav·

139 3515 263 3591 igatione
284 3518 491 3590 excluderetur,
517 3520 593 3593 qnbd
618 3525 820 3596 aequinoctium
845 3526 969 3594 suberat,
997 3525 1157 3582 necessarid

138 3605 286 3681 angustius
301 3608 405 3665 milites
419 3612 578 3679 collocavit,
595 3631 629 3666 ao
643 3617 753 3670 snmmd
769 3616 972 3688 tranquillitate
993 3617 1157 3686 consecuti,

137 3699 263 3754 secunda
279 3698 359 3767 inita,
375 3719 461 3772 quum
477 3702 614 3769 solvisset,
629 3703 737 3776 vigilia,
751 3706 843 3778 prima
858 3706 923 3762 luce
937 3718 1040 3762 terram
1057 3707 1156 3781 attigit,
1239 3708 1242 3714 ’

137 3807 292 3862 omnesque
307 3791 464 3848 incolumes
478 3809 565 3848 naves
579 3792 718 3864 perduxit.

175 3877 289 3936 XXIV.
318 3882 475 3938 Subductis
495 3881 624 3946 navibus,
652 3879 833 3954 concilioque
856 3883 1005 3940 Gallorum
1027 3885 1156 3946 Samaro-
