2566 4270
130 333 193 382 cta.
210 289 323 396 asso]
488 332 595 381 menn
618 333 784 390 ournnus.
1065 374 1068 380 ,
1113 332 1152 392 9}

127 475 236 546 scribit,
256 483 306 534 ‘se
327 493 394 534 cum
407 474 569 552 legionibus
581 476 742 551 profectum
763 476 893 532 celeriter
915 474 1019 534 affore:
1032 477 1039 502 ’
1061 476 1152 533 horta-

128 578 184 638 tur,
199 575 249 623 ‘ut
268 567 417 642 pristinam
436 567 568 623 virtutem
592 567 731 624 retineat!
773 567 883 637 Gallus,
897 566 1059 641 periculum
1082 566 1153 622 veri·

128 667 184 728 tus,
200 669 231 714 ut
244 669 304 714 erat
322 668 506 732 praeoeptum,
520 651 662 733 tragulam
682 657 775 714 mittit.
819 657 892 714 Haec
912 675 980 714 casu
1002 657 1037 713 ad
1051 658 1152 713 turrim

130 749 257 819 adhaesit,
273 766 367 823 neque
382 749 417 804 ab
438 749 541 805 nostris
565 749 652 805 biduo
676 749 881 819 animadversa,
895 750 979 806 tertio
993 749 1040 805 die
1055 768 1071 804 a
1085 767 1153 822 quo-

129 839 194 896 dam
209 839 299 896 milite
321 839 515 914 conspicitur:
537 839 651 914 dempta
673 839 707 895 ad
732 839 902 896 Ciceronem
925 840 1058 896 defertur.
1100 839 1153 896 llle

128 931 285 1006 perlectam
312 931 343 986 in
370 940 514 986 conventu
540 930 662 986 militum
696 930 808 1000 recitat,
841 930 1029 1004 maximaque·
1054 949 1153 987 omnes

128 1021 227 1078 latitia
242 1021 336 1078 afficit.
378 1020 458 1079 Tum
472 1019 543 1078 fumi
557 1020 755 1078 incendiorum
776 1020 875 1095 procul
896 1021 1074 1092 ridebantur,
1090 1039 1152 1094 quae

129 1131 175 1169 res
189 1131 304 1170 omnem
318 1112 527 1180 dubitationem
542 1111 679 1168 adventis
693 1112 839 1188 legionum
853 1107 969 1186 expulit.

168 1203 279 1262 XLIX.
306 1202 393 1274 Galli,
414 1221 445 1260 re
459 1203 576 1280 cogniti
589 1221 639 1278 per
661 1203 861 1278 exploratores,
876 1203 1055 1260 obsidionem
1070 1203 1154 1260 relin-

129 1305 230 1365 quunt,
245 1294 281 1350 ad
295 1294 439 1352 Caesarem
452 1295 585 1352 omnibus
600 1295 690 1370 copiis
704 1294 882 1352 contendunt
890 1315 897 1364 ;
920 1313 960 1350 eae
972 1306 1053 1351 erant
1065 1313 1154 1350 arma-

130 1391 224 1439 torum
245 1385 360 1442 circiter
384 1385 475 1442 millia
497 1385 562 1442 LX.
604 1385 719 1456 Cicero,
734 1385 800 1442 data
823 1385 966 1456 facultate,
979 1385 1096 1442 Gallum
1118 1385 1153 1440 ab
1250 1461 1252 1464 Ι

131 1473 233 1530 eodem
259 1474 424 1546 Verticone,
450 1495 536 1550 quem
560 1475 646 1551 supra
673 1476 938 1547 demonstravimus,
964 1476 1076 1550 repetit,
1104 1474 1153 1549 qui

131 1564 229 1620 literas
244 1563 279 1619 ad
294 1563 437 1625 Caesarem
450 1567 573 1624 reserat:
595 1568 673 1623 hunc
695 1568 837 1638 admonet,
853 1567 906 1624 iter
928 1565 1012 1623 caute
1035 1567 1154 1642 diligen-

131 1665 233 1728 terque
257 1654 362 1712 saciat:
388 1657 540 1729 perscribit
563 1657 593 1712 in
614 1657 704 1718 literis
727 1659 841 1714 ‘hostes
866 1659 901 1714 ab
925 1677 956 1714 se
979 1657 1153 1726 discessisse,
1179 1721 1184 1730 ,

132 1763 304 1819 omnemque
319 1744 354 1800 ad
375 1763 441 1801 eum
460 1745 671 1804 multitudinem
693 1750 883 1804 convertisse!
924 1748 1042 1808 Quibus
1066 1747 1155 1804 literis

132 1838 247 1893 circiter
262 1836 356 1892 inediti
370 1846 465 1904 nocte,
480 1834 587 1904 Caesar,
603 1837 702 1908 allatis,
718 1857 785 1894 suos
799 1839 867 1908 facit
888 1839 1034 1908 certiores,
1049 1856 1155 1912 eosque

133 1929 169 1985 ad
183 1927 378 1984 dimicandum
394 1925 490 1982 animo
505 1925 674 1992 confinitate
691 1939 805 2001 postero
817 1929 863 1986 die
876 1930 942 1986 luce
955 1930 1046 2004 prima
1061 1939 1155 1986 movet

133 2030 236 2090 castra,
258 2029 287 2075 et
314 2017 430 2075 circiter
455 2017 544 2073 millia
566 2035 701 2092 passuum
729 2029 848 2091 quatuor
874 2039 1050 2095 progressus,
1077 2031 1155 2078 trans

133 2110 235 2166 vallem
260 2127 391 2185 magnam
416 2119 445 2166 et
465 2109 557 2165 rivum
584 2108 797 2166 multitudinem
819 2109 1153 2186 hostiumlconspicatur'.

134 2201 204 2258 Erat
219 2201 313 2276 magni
327 2199 449 2276 periculi
464 2219 519 2271 res,
535 2218 601 2256 curn
615 2201 701 2257 tantis
715 2201 806 2275 copiis
820 2201 920 2274 iniquo
933 2201 998 2256 loco
1008 2203 1154 2260 dimicare.

134 2291 223 2362 Tum,
238 2293 373 2366 quoniam
393 2291 545 2348 liberatum
567 2291 716 2348 obsidione
737 2291 909 2348 Ciceronem
931 2278 1049 2362 sciebat,
1064 2291 1156 2366 adque

134 2385 252 2440 omnino
274 2383 477 2442 remittendum
503 2382 538 2438 de
562 2382 708 2438 celeritate
735 2383 923 2452 existimabat,
951 2383 1091 2452 consedit,
1118 2394 1156 2454 et,

134 2475 221 2550 quam
249 2475 412 2548 aequissimo
432 2483 525 2546 potest
549 2473 623 2540 loco,
643 2481 736 2526 castra
757 2471 923 2531 commurat.
966 2473 1063 2546 Atque
1085 2473 1156 2544 hoeo,

134 2569 186 2623 etsi
202 2575 283 2622 erant
297 2564 401 2637 exigua
421 2579 472 2634 per
486 2579 527 2629 se,
541 2561 588 2615 vix
608 2561 755 2616 hominum
776 2563 898 2618 millium
919 2561 987 2630 VII,
1001 2561 1158 2636 praesertim

134 2656 223 2714 nullis
243 2672 310 2708 cum
329 2650 550 2725 impedimentis,
564 2659 660 2705 tamen
682 2652 820 2725 angustiis
843 2651 962 2720 viarum,
977 2649 1063 2724 quarn
1084 2669 1159 2709 max-

136 2744 195 2802 ime
219 2753 322 2818 potest,
348 2740 499 2810 contrabit,
524 2759 559 2798 eo
583 2741 714 2812 consilio,
738 2751 768 2798 ut
790 2740 819 2797 in
848 2756 987 2797 summam
1015 2753 1160 2818 contemp·
1193 2751 1195 2756 '

136 2836 246 2892 tionem
272 2832 401 2889 hostibus
427 2832 529 2889 veniat.
580 2831 709 2903 Interim,
737 2831 963 2908 speculatoribus
997 2833 1025 2890 in
1060 2853 1159 2894 omnes

135 2937 231 3002 partes
257 2923 390 2996 dimissis,
418 2923 553 3000 explorat,
581 2943 638 2999 quo
665 2921 896 2982 commodissime
922 2923 1024 2982 itinere
1057 2925 1158 2984 vallem

135 3016 257 3076 transire
276 3017 374 3092 possit.

175 3109 208 3166 L.
237 3110 281 3166 Eo
308 3108 364 3179 die,
384 3108 508 3183 parvulis
536 3107 716 3182 equestribus
738 3107 847 3181 proeliis
872 3107 906 3163 ad
934 3129 1036 3182 aquam
1064 3109 1158 3182 sactis,

135 3201 248 3276 utrique
262 3220 325 3258 sese
346 3220 399 3257 suo
417 3199 483 3256 loco
502 3200 669 3267 continent;
690 3199 777 3268 Galli,
792 3197 868 3272 qudd
886 3201 1036 3275 ampliores
1051 3202 1158 3277 copias,

136 3313 199 3367 quae
214 3293 341 3348 nondum
356 3299 559 3359 convenerant,
574 3290 795 3363 exspectabant3
817 3281 925 3362 Caesar,
939 3291 962 3348 si
985 3290 1056 3348 sorte
1078 3295 1160 3350 timo-

136 3385 176 3440 ris
195 3382 376 3440 simulatione
396 3381 492 3438 hostes
513 3379 542 3436 in
564 3399 648 3436 suum
668 3380 765 3437 locum
789 3381 893 3438 elicere
915 3391 1020 3458 posset,
1035 3393 1067 3440 ut
1087 3385 1160 3442 citra

136 3473 238 3530 vallem
252 3491 305 3548 pro
318 3471 419 3528 castris
431 3470 533 3546 proelio
547 3471 747 3540 contenderet3
770 3472 793 3529 si
812 3472 840 3529 id
855 3473 968 3530 efficere
982 3493 1040 3530 non
1054 3484 1159 3550 posset,

137 3576 179 3634 ut,
195 3563 346 3638 exploratis
360 3562 520 3632 itineribus
535 3562 645 3618 minore
660 3581 725 3618 oum
739 3564 868 3637 periculo
888 3565 989 3622 vallem
1011 3565 1160 3636 rivumque
1194 3549 1201 3562 ¹

54 3722 58 3734 l
136 3656 278 3714 transiret.
319 3653 415 3710 Primai
439 3653 505 3709 luce
532 3653 655 3709 hostium
682 3655 824 3728 equitatus
853 3656 887 3711 ad
916 3666 1010 3711 castra
1037 3653 1159 3724 accedit,

136 3748 325 3823 proeliumqne
340 3763 406 3801 cum
420 3744 524 3800 nostris
545 3745 688 3818 equitibus
708 3747 868 3803 committit.
910 3747 1007 3802 Caesar
1029 3741 1159 3802 consulti)

137 3839 247 3914 equites
261 3838 374 3907 cedere,
389 3853 476 3909 seque
497 3835 526 3892 in
548 3848 640 3892 castra
660 3837 788 3911 recipere
805 3837 903 3910 jubet;
925 3834 1008 3892 simul
1024 3853 1059 3890 ex
1071 3836 1161 3894 onmi-

138 3931 192 3988 bus
204 3930 331 4004 partibus
345 3937 438 3986 castra
453 3926 552 3984 altiore
566 3927 640 3984 vallo
653 3927 769 3996 muniri,
779 3937 931 4000 portasque
945 3925 1064 3997 obstrui,
1076 3938 1162 4003 atque
