2566 4270
105 306 183 356 Gur.
199 307 315 372 tlt-ts]
462 309 570 360 LIBER
591 311 775 363 SEPTIMUS.
1089 315 1140 372 131

103 447 200 524 J'ectis
215 449 311 521 armis,
326 461 445 508 mortem
467 452 615 527 deprecari
636 454 787 530 incipiunt.
829 453 978 512 Litavicus
998 471 1064 509 cunr
1086 453 1145 510 suis

106 540 281 611 clientibus,
296 542 400 615 quibus
420 543 500 600 nefas
520 563 599 600 more
618 545 767 602 Gallorum
789 556 832 602 est
854 545 940 601 etiam
966 546 995 600 iu
1016 543 1144 601 extremd

107 631 232 689 fortunia
245 632 377 688 deserere
389 645 533 707 patronos,
546 635 718 710 Gergoviam
732 636 865 712 profugit.

156 721 238 779 XLI.
267 722 374 793 Caesar,
388 725 504 781 nunciis
517 725 552 781 ad
566 726 711 782 civitatem
726 727 888 782 AEduorum
903 727 1007 796 missis,
1022 726 1071 800 qui
1092 743 1145 782 suo

8 864 17 872 .
108 812 260 870 beneficio
274 825 455 871 conservatos
469 815 615 887 docerent,
628 835 700 890 quos
710 817 774 891 jure
786 818 853 874 belli
868 817 1029 874 interficere
1039 817 1146 894 potuis·

9 931 33 968 2
111 915 173 975 set,
187 905 335 978 tribusque
349 905 426 962 horis
439 906 534 964 noctis
546 908 685 963 exercitui
701 907 736 962 ad
750 908 876 980 quietern
897 908 980 976 datis,
996 919 1089 963 castra
1110 907 1145 962 ad

18 1052 27 1060 ,
112 995 292 1072 Gergoviam
307 996 403 1052 movit.
445 994 546 1052 Medio
560 997 618 1052 fere
644 997 746 1053 itinere
768 997 920 1071 equites,a
941 997 1033 1054 Fabio
1056 998 1145 1067 missi,

1 1118 30 1154 31
114 1099 229 1161 quanto
243 1104 288 1143 res
308 1086 338 1143 in
358 1087 488 1161 periculo
508 1088 603 1158 fuerit,
618 1098 781 1162 exponunt;
803 1088 923 1144 summis
943 1088 1034 1162 copiis
1054 1099 1147 1144 castra

115 1188 285 1253 oppugnata
299 1177 511 1246 demonstrant;
534 1197 622 1252 quum
637 1177 738 1234 crebrd
754 1178 858 1254 integri
873 1178 992 1235 defessis
1012 1177 1148 1234 succede·

7 1303 29 1339 ι
115 1279 196 1338 rent,
219 1279 387 1341 nostrosque
414 1269 529 1324 assiduo
555 1268 653 1326 labore
676 1268 875 1344 defatigarent,
902 1269 1007 1343 quibus
1032 1281 1146 1343 propter

20 1397 29 1432 :
116 1353 349 1434 magnitudinem
370 1369 527 1416 castrorum
549 1359 687 1434 perpetuo
708 1370 783 1417 esset
806 1360 914 1417 eisdem
939 1360 968 1416 in
990 1360 1065 1416 vallo
1085 1379 1147 1434 per-

1 1489 27 1523 ,-,
117 1450 315 1520 manendum
337 1450 519 1507 multitudine
533 1451 709 1526 sagittarum,
725 1461 809 1525 atque
830 1451 923 1507 omnis
944 1451 1058 1526 generis
1077 1451 1147 1507 telo·

12 1581 27 1616 ..
117 1561 187 1599 rurn
200 1541 304 1598 multos
318 1541 496 1609 vulneratos3
519 1541 555 1597 ad
572 1542 638 1598 inec
659 1542 827 1598 sustinenda
848 1561 953 1618 magno
974 1541 1039 1598 usui
1059 1542 1147 1599 fuisse
1216 1601 1228 1618 κ

10 1675 26 1707 ¹.
116 1642 277 1702 tormenta3
299 1631 420 1688 Fabium
442 1632 570 1688 discessu
590 1632 831 1702 emundamus
850 1632 959 1688 relictis
979 1632 1077 1706 portis,
1098 1633 1147 1688 ob-

7 1767 25 1804 2,
118 1736 232 1782 struere
246 1734 365 1793 ceteras3
379 1723 548 1797 pluteosque
562 1722 636 1778 vallo
651 1722 765 1791 addere,
779 1733 808 1778 et
821 1739 854 1778 se
866 1723 896 1778 in
910 1734 1055 1797 posterum
1070 1722 1147 1778 diem

13 1861 19 1869 .
118 1815 244 1873 similem
260 1815 295 1870 ad
309 1832 408 1870 casum
422 1814 541 1888 parare!
583 1811 639 1868 His
659 1812 746 1868 rebus
768 1812 900 1887 cognitis,
915 1813 1013 1868 Caesar
1037 1824 1148 1868 summo

10 1951 23 1963 .
118 1906 218 1964 studio
231 1906 352 1962 militum
368 1915 433 1961 ante
447 1913 541 1960 ortum
555 1903 623 1960 solis
637 1903 667 1960 in
682 1913 776 1959 castra
788 1903 926 1977 pervenit.

161 1995 257 2053 XLII.
285 1995 363 2052 Dum
378 1995 441 2052 haec
456 1995 489 2051 ad
503 1995 676 2070 Gergoviam
690 2003 838 2070 geruntur,
850 1993 949 2063 AEdui,
963 1993 1063 2069 primis
1076 2011 1148 2050 nun·

120 2088 176 2146 ciis
191 2088 226 2144 ab
240 2087 370 2144 Litavieo
384 2086 519 2162 acceptis,
531 2086 641 2144 nullum
656 2085 711 2142 sibi
727 2085 761 2142 ad
776 2084 1009 2162 cognoscendum
1023 2085 1145 2160 spatium

119 2181 294 2254 relinquunt.
335 2178 460 2253 Impellit
474 2179 544 2235 ulios
559 2179 685 2248 avaritia,
701 2177 772 2234 alios
786 2177 934 2234 iracundia
948 2186 977 2233 et
991 2177 1145 2246 temeritas,

122 2291 186 2346 quae
207 2269 331 2328 maxime
356 2269 397 2326 illi
421 2269 569 2326 homiuum
590 2270 689 2345 generi
711 2279 754 2325 est
776 2269 883 2338 innata,
897 2279 930 2324 ut
943 2268 1033 2324 levem
1056 2268 1147 2324 audit·

123 2364 217 2420 ionem
239 2363 363 2418 habeant
384 2379 436 2435 pro
458 2378 488 2416 re
510 2361 664 2434 compertd.
717 2359 799 2415 Bona
818 2360 924 2416 civiurn
948 2358 1145 2414 Romanorum

121 2454 269 2530 diripiunt,
294 2453 389 2508 caedes
412 2452 532 2518 faciunt,
557 2449 585 2503 in
613 2449 777 2504 servitutem
805 2449 980 2505 abstrahunt.
1022 2449 1148 2521 Adjuvat

120 2565 181 2604 rem
205 2543 393 2618 proclinatam
419 2538 666 2604 Convictolitanis,
693 2537 862 2610 plebemque
885 2537 922 2592 ad
951 2537 1075 2592 furorem
1098 2537 1149 2591 irn-

121 2637 213 2713 pellit,
229 2643 270 2702 ut,
286 2629 414 2686 facinore
439 2625 573 2694 admisso,
598 2625 633 2680 ad
658 2627 806 2682 sanitatem
827 2627 934 2699 pudeat
954 2625 1065 2681 reverti.
1107 2625 1147 2682 M.

124 2725 269 2783 Aristium
290 2719 438 2776 tribunum
461 2716 593 2786 militurn,
611 2715 664 2772 iter
687 2715 721 2772 ad
742 2716 884 2792 legionem
906 2715 1068 2786 facientem,
1083 2717 1148 2774 datd

124 2817 182 2874 srde
196 2831 231 2871 ex
245 2809 351 2886 oppido
365 2809 515 2864 Cabillono
529 2807 670 2871 educunt:
693 2807 769 2863 idem
784 2807 880 2863 facere
900 2817 1007 2882 cogunt
1028 2825 1085 2878 eos,
1100 2809 1147 2882 qui

126 2902 293 2981 negotiandi
316 2901 402 2956 causa
427 2899 466 2956 ibi
490 2899 683 2956 constiterant.
733 2898 798 2955 Hos
825 2895 962 2953 continuo
990 2898 1019 2954 in
1047 2898 1148 2958 itiuere

128 2997 228 3065 adorti,
243 2993 375 3051 omnibus
396 2990 606 3067 impedimentis
626 3001 751 3059 exuunt3
773 2999 964 3064 repugnantes
984 2989 1058 3046 diem
1081 3011 1149 3048 noc·

125 3102 240 3164 temque
254 3086 400 3154 obsident;
424 3083 519 3140 multis
534 3085 666 3157 utrinque
686 3082 854 3152 interfectis,
868 3082 1003 3157 majorem
1024 3085 1149 3141 multitu·
1215 3087 1218 3092 ‘

124 3183 221 3238 dinem
238 3180 272 3235 ad
288 3196 365 3234 arma
380 3176 535 3231 concitant.

164 3271 274 3328 XLIII.
302 3268 421 3324 Interim
444 3266 551 3322 nuncio
572 3265 657 3321 allato
677 3271 795 3320 ‘omnes
809 3282 907 3320 eorum
928 3265 1031 3321 milites
1046 3266 1073 3321 in
1088 3277 1149 3340 pot-

124 3375 213 3423 estate
234 3360 357 3418 Caesaris
377 3358 487 3426 teneri,'
510 3367 686 3412 concurrunt
707 3355 741 3410 ad
763 3355 919 3412 Aristium:
940 3357 1011 3412 nihil
1032 3357 1149 3430 publico

125 3457 232 3513 facturn
260 3451 381 3510 consilio
408 3451 621 3505 demonstrant:
651 3447 836 3520 quaestionem
861 3447 896 3502 de
923 3447 1005 3504 bonis
1032 3447 1149 3520 direptis

124 3548 299 3604 decernunt:
331 3540 454 3597 Litavioi
477 3539 651 3611 fratrumque
679 3538 754 3594 bona
781 3537 948 3612 publicant:
978 3539 1086 3610 legatos
1114 3535 1147 3589 ad

125 3639 269 3694 Caesarem
284 3633 328 3690 sui
342 3631 482 3707 purgandi
498 3631 588 3706 gratid
604 3629 728 3685 mittunt.
756 3627 843 3684 'Hoec
858 3627 967 3683 faciunt
981 3643 1149 3697 recuperan-

125 3729 227 3786 dorum
242 3743 356 3782 suorum
372 3723 478 3779 carissi:
500 3721 549 3778 sed
570 3719 756 3776 contaminati
777 3719 913 3787 facinore,
929 3728 957 3773 et
978 3713 1052 3786 capti
1074 3731 1148 3766 corn-

124 3819 231 3898 pendio
244 3835 280 3873 ex
293 3815 410 3888 direptis
424 3813 516 3881 bonis,
532 3810 609 3884 quod
631 3829 666 3866 ea
688 3828 734 3865 res
756 3809 792 3864 ad
814 3807 918 3862 multos
937 3802 1106 3878 pertinebat,
1121 3799 1153 3858 et'

125 3911 228 3968 timore
247 3924 339 3982 poenae
360 3903 497 3971 exterriti,
512 3901 633 3957 consilia
653 3897 728 3955 clim
749 3895 880 3953 debello
904 3895 976 3950 inire
997 3891 1138 3968 incipiunt

15 2135 20 2143 ι

1 2138 20 2173 Ι.

1 2597 10 2634 r

2 2687 13 2727 r

2 2777 12 2817 ι

3 2853 11 2908 l

4 2941 10 3000 l

4 3045 9 3090 l

5 3141 7 3178 t
