2566 4270
131 311 172 372 94
461 311 509 361 oa
531 310 648 362 annuo
671 311 832 362 cituco
966 313 1047 377 [cn.
1064 313 1179 364 sc-sr.

172 453 235 512 LV.
262 452 378 514 Treviri
392 452 461 512 verb
476 464 562 530 atque
579 452 797 519 lndutlomarus
816 453 907 514 totius
928 454 1033 514 hiemis
1054 455 1177 514 nullum

132 555 245 619 ternpus
268 545 492 616 intermiserunt,
513 546 583 620 quin
607 557 686 606 nans
709 546 849 604 Rhenum
872 547 983 623 legatos
1007 547 1174 618 mitterent,

132 636 263 694 civitates
276 637 474 706 sollicitarent,
488 637 626 711 pecunias
639 637 854 712 pollicerentur,
868 639 976 714 magna
989 651 1073 713 parte
1087 657 1174 695 exer·

132 727 207 786 cittis
220 728 310 785 nostri
324 727 486 798 interlecti,
501 728 592 784 multo
616 729 756 784 minorem
778 746 929 803 superesse
950 729 1082 786 dicerent
1102 748 1172 805 par·

131 828 197 880 tem.
239 817 344 893 Neque
358 829 454 876 tamen
468 819 519 876 ulli
533 819 643 876 civitati
656 819 866 876 Germanorum
877 819 1044 894 persuaderi
1058 821 1168 894 potuit,

130 921 163 966 ut
176 908 315 966 Rhenum
329 910 472 980 transiret,
488 929 576 984 quum
591 917 642 967 ‘se
662 911 706 967 bis
726 912 875 984 expertos'
898 909 1038 982 dicerent,
1055 911 1167 968 ‘Ario-

70 989 75 1002 ‘
130 1001 195 1059 visti
211 1001 286 1058 bello
299 1011 328 1060 et
347 999 599 1058 Tenchtherorum
620 1001 751 1071 transitu,
765 1019 825 1056 non
846 1019 909 1058 esse
931 1001 1053 1075 amplius
1074 1001 1166 1058 sortu-

130 1109 197 1148 nam
211 1091 395 1150 tentandam!
438 1091 504 1148 Hac
524 1109 575 1166 spe
594 1091 691 1166 lapsus
711 1090 936 1162 Indutiomarus,
951 1092 1042 1148 nihilo
1063 1091 1164 1150 mInds

130 1183 229 1258 copias
247 1201 361 1260 cogere,
375 1201 519 1253 exercere,
535 1182 693 1240 alinitimis
713 1200 802 1256 equos
821 1200 933 1258 parare,
948 1184 1061 1240 exsules
1081 1183 1164 1240 dam·

129 1285 269 1348 natosque
282 1275 342 1332 tota
356 1273 451 1330 Gallia
464 1274 576 1350 magnis
588 1274 713 1348 praerniis
728 1273 762 1330 ad
783 1291 816 1330 se
837 1273 952 1330 allicere
973 1274 1068 1348 coepit
1111 1275 1162 1332 Ac

129 1373 238 1420 tantam
251 1364 306 1421 sibi
317 1364 377 1440 jam
391 1363 427 1422 iis
440 1365 526 1421 rebus
547 1364 577 1420 in
596 1364 692 1422 Gallia
713 1364 912 1422 auctoritatem
933 1375 1160 1438 comparaverat,

130 1464 161 1510 ut
188 1455 316 1529 unquue
340 1454 376 1512 ad
400 1472 467 1511 eum
493 1454 652 1530 legationes
679 1465 895 1525 concurrerent,
922 1455 1043 1531 gratiam
1072 1466 1160 1530 atque

130 1545 286 1603 amicitiam
299 1543 415 1621 publice
430 1545 618 1621 privatImque
631 1555 770 1621 peterent.
1150 1541 1155 1548 ’

169 1635 248 1694 LVI.
275 1635 331 1694 Ubi
347 1637 486 1695 intellexit
500 1637 574 1694 ultro
589 1637 624 1694 ad
644 1656 676 1694 se
699 1635 801 1706 veniri,
816 1636 905 1693 altera
929 1648 1065 1712 exparte
1086 1637 1160 1695 Sen-

128 1746 199 1786 ones
212 1727 411 1803 Carnutesque
425 1728 603 1800 conscientia
618 1728 753 1785 facinoris
768 1728 908 1804 instigari,
925 1728 1013 1784 altera
1031 1728 1159 1802 Nervios

128 1820 355 1894 Aduatucosque
376 1820 482 1876 bellurn
503 1819 650 1876 Romanis
669 1837 778 1894 parare,
792 1837 887 1892 neque
907 1819 961 1875 sibi
985 1819 1159 1878 voluntario·

128 1928 191 1966 runi
207 1912 304 1985 copias
318 1911 425 1982 delore,
440 1911 464 1968 si
479 1929 513 1967 ex
533 1910 639 1967 linibus
659 1911 718 1966 suis
738 1909 871 1985 progredi
893 1911 1026 1985 coepisset
1036 1929 1044 1975 ;
1067 1929 1159 1967 arma-

128 2013 188 2060 turn
205 2001 359 2058 concilium
375 2002 486 2072 indicit,
503 2001 572 2077 (hoc
592 2019 670 2058 more
694 2001 842 2058 Gallorum
864 2011 906 2058 est
926 2001 1040 2058 initium
1061 2002 1155 2080 belli,)

128 2091 186 2167 qud
201 2093 264 2169 lege
278 2093 424 2150 communi
435 2111 534 2150 ornnes
548 2093 670 2168 puberes
683 2092 782 2149 armati
797 2092 951 2148 convenire
963 2091 1142 2150 consuerunt
1147 2113 1155 2162 ;

128 2183 177 2258 qui
192 2201 227 2240 ex
242 2183 276 2240 iis
290 2183 461 2240 novissimus
479 2184 565 2254 venit,
581 2184 610 2240 in
632 2194 788 2258 conspectu
809 2183 1000 2240 multitudinis
1017 2184 1156 2240 omnibus

128 2274 305 2332 cruciatibus
332 2273 451 2332 affectus
471 2286 599 2332 secatur.
650 2273 685 2332 In
712 2293 748 2332 eo
775 2274 900 2330 concilio
927 2274 1154 2350 Cingetorigem,

128 2365 245 2424 alterius
265 2365 424 2441 principem
438 2364 580 2436 factionis,
596 2385 734 2442 generum
749 2383 842 2435 suurn,
859 2364 957 2440 (quem
978 2363 1065 2440 supra
1077 2366 1156 2424 dern-

127 2458 326 2528 castravimus,
354 2455 477 2514 Cesaris
497 2468 628 2515 secutum
650 2457 745 2527 fidem,
769 2456 862 2514 abeo
883 2475 940 2512 non
962 2455 1152 2535 decessisse)

127 2548 237 2608 hostem
248 2549 368 2626 judicat,
384 2549 515 2624 bonaque
529 2548 590 2624 ejus
606 2548 742 2624 publicat.
784 2547 841 2604 His
859 2547 944 2604 rebus
958 2547 1107 2618 conlectis,
1124 2548 1152 2605 in

127 2642 252 2700 concilio
265 2641 446 2717 pronunciat,
462 2641 630 2697 arcessitum
651 2657 681 2696 se
704 2658 721 2695 a
742 2637 906 2696 Senonibus
927 2649 956 2698 et
976 2638 1153 2696 Carnutibus

127 2734 246 2808 aliisque
260 2733 456 2810 compluribus
475 2731 577 2790 Gallie
598 2729 772 2800 civitatibus,
787 2729 845 2798 huc
866 2729 919 2786 iter
940 2729 1081 2815 lecturum
1101 2749 1152 2806 per

126 2823 198 2881 fines
216 2824 385 2894 Remorum,
401 2841 557 2898 eorumque
578 2841 661 2898 agros
680 2821 892 2896 populaturum,
908 2839 941 2876 ac
961 2819 1051 2896 priris,
1066 2820 1151 2896 quim

127 2912 156 2970 id
191 2913 286 2984 saciat,
314 2913 435 2970 Labieni
469 2925 563 2972 castra
595 2922 845 2990 oppugnaturum:
880 2930 943 2987 quaa
977 2911 1039 2970 fieri
1074 2913 1150 2984 velit,

126 3003 263 3080 praecipit.
1073 3024 1076 3030 ·

167 3093 258 3152 LVII.
287 3093 432 3152 Labienus
446 3115 533 3170 quum
548 3107 576 3154 et
596 3095 653 3154 loci
673 3095 776 3152 natura
797 3105 826 3152 et
846 3113 932 3152 manu
953 3095 1150 3152 munitissimis

126 3185 227 3242 castris
240 3204 302 3242 sese
316 3196 435 3258 teneret,
450 3187 486 3244 de
504 3207 556 3246 suo
578 3207 611 3244 ac
631 3185 753 3263 legionis
772 3186 902 3261 periculo
921 3186 993 3242 nihil
1014 3185 1148 3256 timebat;

126 3294 163 3333 ne
185 3295 269 3350 quam
292 3277 476 3334 occasionem
497 3279 538 3336 rei
562 3277 638 3336 bene'
656 3277 788 3354 gerendae
810 3276 975 3346 dimitteret,
997 3277 1148 3354 cogitabat.

125 3365 226 3440 Itaque
241 3385 256 3424 a
270 3367 457 3444 Cingetorige
472 3379 556 3443 atque
570 3369 630 3444 ejas
644 3369 811 3444 propinquis
822 3368 950 3426 oratione
960 3367 1149 3428 Indutiomari

125 3458 251 3532 cognita,
267 3477 350 3533 quam
367 3460 395 3515 in
411 3461 535 3516 concilio
549 3461 696 3529 habuerat,
711 3459 833 3517 nuncios
851 3459 938 3516 mittit
960 3458 995 3515 ad
1013 3459 1149 3517 finitimas

125 3551 264 3619 civitates,
293 3551 461 3624 equitesque
488 3551 614 3624 undique
641 3562 758 3608 evocat:
784 3551 819 3608 iis
846 3561 956 3608 certum
984 3549 1060 3607 diem
1082 3569 1149 3608 con·

125 3643 257 3700 veniendi
282 3642 361 3699 dicit.
413 3641 531 3698 Interim
553 3661 641 3716 prope
668 3643 796 3716 quotidie
819 3661 887 3700 cum
914 3641 993 3698 omni
1020 3641 1148 3716 equitatu

124 3734 337 3792 Iuoutiomarus
360 3734 413 3790 sub
437 3733 538 3790 castris
562 3733 623 3808 ejus
646 3733 811 3809 vagabatur,
837 3731 908 3791 alias
929 3742 961 3789 ut
979 3732 1068 3790 situm
1088 3751 1150 3792 cas·

123 3837 231 3882 trorum
256 3835 453 3902 cognosceret,
479 3823 550 3882 alias
577 3823 758 3896 colloquendi
786 3834 835 3882 aut
860 3823 1011 3882 territandi
1038 3824 1146 3884 caued:

124 3925 235 3988 equites
248 3914 415 3990 plerumque
435 3933 534 3972 omnes
554 3914 612 3972 tela
632 3913 708 3970 intra
726 3913 832 3972 vallum
851 3913 1053 3990 conjiciebant.
1095 3914 1159 3977 La„
