2578 4270
141 304 208 358 cn.
223 304 306 371 s-r.]
486 299 594 356 maxa
616 299 814 354 sacramus.
1130 301 1169 360 33

139 446 218 508 dem
233 449 399 506 factasunt.
438 448 504 522 Ipse
518 447 695 504 Divitiacum
710 445 839 502 AEduum
853 463 959 520 magno
969 460 1055 517 opere
1070 443 1170 499 cohor-

140 549 227 609 tatus,
243 539 337 609 docet,
353 549 459 612 quanto
476 556 562 613 opere
576 537 742 612 reipublice
762 536 981 608 communisque
1006 525 1107 590 salutis'
1129 534 1170 590 in·

139 630 223 686 tersit
236 648 338 686 manus
358 629 483 686 hostium
503 629 643 698 distineri,
657 646 695 684 ne
716 646 782 684 cum
802 627 882 683 tanta
904 624 1086 684 multitudine
1111 645 1170 680 uno

139 730 269 794 tempore
283 715 497 795 confligendum
511 718 555 775 sit.
596 718 631 774 Id
645 718 707 774 lieri
720 736 813 792 posse,
829 717 853 774 si
874 735 940 774 suas
960 717 1058 790 copias
1079 715 1168 772 AEdui

142 809 173 866 in
193 809 264 866 fines
287 809 505 866 Bellovacorum
527 809 746 879 introduxerint,
761 819 790 865 et
813 827 913 864 eorum
934 827 1017 883 agros
1039 805 1168 882 populari

143 899 288 974 coeperint.
331 899 387 956 His
401 899 552 970 mandatis,
567 918 634 956 eum
649 900 684 954 ab
695 917 725 956 se
736 899 861 956 dimittit.
902 898 1057 972 Postquam
1069 916 1168 953 omnes

89 1005 99 1022 ·
142 989 296 1065 Belgarum
317 990 415 1064 copias
436 989 466 1046 in
488 1007 578 1048 unum
600 989 696 1046 locum
717 1000 833 1046 coactas
856 989 890 1045 ad
912 1007 943 1046 se
967 988 1064 1044 venire
1088 988 1168 1057 vidit,

142 1098 237 1153 neque
247 1081 308 1155 jam
320 1079 406 1156 longe
423 1081 532 1150 abesse,
548 1081 583 1136 ab
598 1080 652 1150 his,
667 1099 738 1154 quos
758 1080 884 1150 miserat,
899 1079 1124 1154 exploratoribus
1141 1089 1169 1136 et

142 1171 178 1228 ab
192 1170 295 1227 Remis
308 1171 452 1247 cognovit,
467 1171 574 1227 flumen
592 1172 736 1241 Axonam,
752 1171 828 1244 quod
849 1182 892 1228 est
912 1170 942 1226 in
963 1171 1096 1227 extremis
1110 1170 1169 1226 Re·

141 1282 254 1320 morum
284 1263 399 1334 finibus,
427 1265 586 1320 exercitum
612 1265 799 1322 transducere
826 1264 988 1334 maturavit,
1017 1267 1108 1338 atque'
1128 1263 1167 1319 ibi

141 1364 236 1410 castra
248 1354 352 1429 posuit.
392 1355 469 1415 Qnae
484 1373 530 1411 res
544 1366 572 1412 et
586 1355 661 1412 latus
675 1375 764 1411 unum
779 1367 938 1412 castrorum
952 1355 1021 1430 ripis
1042 1355 1168 1412 fluminis

141 1444 298 1516 muniebat,
313 1456 352 1516 et,
364 1457 430 1521 post
443 1465 510 1502 eum
528 1466 591 1520 quae
613 1458 717 1517 essent,
732 1457 794 1504 tuta
816 1448 851 1502 ab
871 1447 1000 1503 hostibus
1020 1446 1166 1515 reddebat,

91 1567 100 1577 ·
140 1546 170 1594 et
185 1547 360 1593 commeatus
375 1538 410 1592 ab
424 1537 526 1593 Remis
540 1537 714 1611 reliquisque
729 1537 892 1594 civitatibus
906 1549 937 1594 ut
956 1538 1018 1593 sine
1038 1537 1168 1612 periculo

142 1626 268 1684 adeum
291 1627 398 1702 portari
418 1637 524 1701 posset,
547 1628 698 1685 efficiebat.
740 1627 775 1683 In
796 1647 831 1684 eo
855 1629 972 1684 flumine
998 1648 1071 1703 pons
1097 1640 1165 1685 crat.

80 1775 84 1783 ,
141 1713 187 1772 Ibi
200 1717 363 1792 praesidium
383 1717 474 1792 ponit,
490 1728 518 1773 et
542 1717 572 1773 in
595 1718 683 1774 altera
707 1729 787 1792 parte
812 1719 938 1774 fluminis
956 1719 997 1779 Q.
1019 1719 1167 1776 Titurium

141 1807 281 1866 Sabinum
296 1808 421 1883 legatum
436 1826 503 1862 cum
517 1826 567 1863 sex
581 1808 747 1864 cohortibus
767 1809 921 1882 relinquit:
943 1820 1036 1865 castra
1057 1809 1086 1866 in
1107 1809 1168 1866 alti·

139 1898 270 1956 tudinem
290 1899 397 1976 pedum
418 1897 573 1956 duodecim
595 1899 669 1955 vallo
690 1899 823 1974 fossaque
845 1900 1040 1978 duodeviginti
1061 1901 1166 1976 pedum

140 1993 253 2051 munire
264 1992 353 2068 jubet.
956 2008 959 2016 ’

180 2083 231 2140 VI.
259 2084 307 2139 Ab
328 2084 372 2142 his
393 2085 494 2142 castris
514 2085 650 2161 oppidum
672 2084 832 2142 Remorum
854 2087 971 2141 nomine
992 2083 1097 2140 Bibrax
1120 2084 1167 2140 ab·

139 2184 202 2232 crat
222 2175 312 2233 millia
330 2195 466 2250 passuum
486 2177 569 2234 VIII.
610 2177 694 2234 Idex
709 2177 811 2234 itinere
826 2197 930 2252 magno
946 2177 1052 2250 impetu
1070 2175 1165 2251 Belgae

139 2283 304 2341 oppugnare
318 2277 474 2340 coepernnt.
515 2267 605 2344 AEgrc
619 2287 655 2326 eo
664 2265 913 2325 die'sustentatum
927 2278 978 2324 est.
1017 2267 1165 2322 Gallorum

140 2355 241 2412 eadem
256 2367 340 2430 atque
354 2357 507 2433 Belgarum
526 2359 701 2434 oppugnatio
721 2370 764 2416 est
785 2343 855 2416 haed.
897 2358 964 2426 Ubi,
979 2357 1165 2433 circumjecta

139 2445 322 2504 multitudine
337 2447 485 2506 hominnm
499 2449 566 2504 totis
580 2449 731 2520 moenibus,
743 2450 871 2522 undique
884 2448 993 2522 lapides
1008 2448 1037 2504 in
1053 2468 1165 2504 murum

110 2596 113 2602 ,
136 2536 195 2612 jaci
216 2539 301 2614 ccepti
322 2551 398 2610 sunt,
413 2557 569 2613 murusque
591 2539 789 2596 defensoribus
810 2539 934 2595 nudatus
955 2550 1008 2606 est,
1022 2539 1165 2596 testudine

140 2627 226 2700 Iacui,
239 2641 335 2705 portas
348 2630 518 2699 succedunt,
533 2649 703 2703 murumque
714 2631 864 2686 subruunt.
905 2627 996 2688 Quod
1008 2641 1067 2684 tum
1081 2628 1164 2686 sacild

138 2719 233 2778 fiebat.
274 2720 362 2792 Nam,
377 2739 465 2796 quum
479 2731 559 2778 tanta
572 2720 725 2778 multitudo
739 2719 848 2793 lapides
864 2737 897 2774 ac
912 2718 968 2774 tela
979 2718 1164 2793 conjicerent,

140 2811 169 2868 in
185 2831 268 2870 muro
288 2812 462 2870 consistendi
482 2822 608 2886 potestas
629 2823 690 2870 crat
707 2811 788 2868 nulli.
829 2809 930 2870 Quum
954 2809 1037 2866 finem
1059 2831 1165 2888 oppug-

139 2903 228 2960 nandi
249 2923 306 2960 nox
326 2904 450 2974 fecisset,
470 2903 568 2960 Iccius
587 2903 700 2960 Remus
722 2901 833 2960 summai
853 2901 1002 2957 nobilitate
1024 2914 1052 2959 et
1072 2905 1164 2979 gratia

139 2994 213 3052 inter
227 3014 302 3065 suos,
318 2995 441 3070 quitum
455 2995 561 3071 oppido
580 3005 711 3070 preerat,
726 3013 801 3050 unus
822 3012 858 3050 ex
878 2992 931 3062 his,
947 2993 995 3067 qui
1020 2994 1105 3069 legati
1128 2996 1164 3052 de

138 3104 211 3162 pace
226 3087 261 3142 ad
275 3086 418 3144 Caesarem
432 3097 579 3156 venerant,
594 3085 717 3141 nuncios
739 3085 774 3140 ad
797 3103 862 3141 eum
884 3084 980 3154 mittit,
1002 3086 1076 3141 ‘nisi
1100 3087 1165 3142 sub-

138 3175 244 3234 sidium
257 3177 311 3234 sibi
326 3178 517 3246 submittatur,
533 3194 596 3232 sese
609 3175 722 3244 diutius
731 3175 871 3232 sustinere
886 3195 942 3232 non
957 3178 1057 3250 posse'

179 3266 246 3323 VII.
276 3266 319 3323 Ed
341 3267 377 3323 de
398 3266 493 3324 media
516 3276 603 3322 nocte
627 3265 734 3336 Caesar,
750 3266 851 3322 iisdem
875 3267 997 3324 ducibus
1021 3287 1099 3338 usus,
1114 3267 1162 3341 qni

138 3357 239 3414 nuncii
254 3357 289 3413 ab
303 3355 384 3414 Iccio
397 3365 543 3426 venerant,
558 3355 700 3414 Numidas
714 3367 742 3413 et
762 3357 864 3413 Cretas
884 3357 1045 3434 sagittarios
1059 3370 1087 3415 et
1103 3359 1164 3414 sun-

138 3449 246 3504 ditores
260 3447 394 3504 Baleares
407 3447 535 3502 subsidio
552 3447 702 3522 oppidanis
721 3448 826 3506 mittit:
849 3467 969 3522 quorum
991 3449 1112 3508 adventu
1134 3459 1163 3506 et

139 3537 244 3596 Remis
258 3554 324 3591 cum
345 3555 394 3610 spe
419 3537 593 3594 defensionis
616 3539 741 3596 studium
765 3541 963 3614 propugnandi
989 3541 1118 3608 accessit,
1134 3551 1163 3596 et

139 3627 269 3684 hostibus
283 3626 382 3682 eddom
397 3627 433 3684 de
447 3629 534 3683 caussa
546 3648 608 3702 spes
618 3630 750 3703 potiundi
761 3631 857 3704 oppidi
870 3631 1008 3687 discessit.
1050 3630 1160 3702 ltaque,

137 3717 281 3796 paulisper
296 3717 370 3792 apud
385 3717 521 3792 oppidum
535 3721 646 3789 morati,
662 3740 801 3796 agrosque
813 3721 972 3778 Remorum
987 3721 1160 3793 depopulati,

137 3809 271 3866 carnibus
292 3809 364 3864 vicis
389 3808 585 3883 aedificiisque,
610 3829 680 3884 quos
703 3811 781 3867 adire
803 3822 942 3884 poterant,
967 3810 1102 3881 incensis,
1126 3811 1160 3866 ad

137 3911 231 3964 eastra
244 3899 367 3958 Caesaris
380 3899 514 3960 omnibus
528 3901 618 3980 copiis
633 3901 852 3968 contenderunt,
867 3912 896 3960 et
911 3901 946 3958 ab
960 3899 1086 3960 millibus
1099 3921 1162 3976 pas·
