<?xml version="1.0" encoding="UTF-8"?>
<!DOCTYPE html PUBLIC "-//W3C//DTD XHTML 1.0 Transitional//EN"
    "http://www.w3.org/TR/xhtml1/DTD/xhtml1-transitional.dtd">
<html xmlns="http://www.w3.org/1999/xhtml" xml:lang="en" lang="en">
 <head>
  <title>
</title>
<meta http-equiv="Content-Type" content="text/html;charset=utf-8" />
  <meta name='ocr-system' content='tesseract 3.04.00' />
  <meta name='ocr-capabilities' content='ocr_page ocr_carea ocr_par ocr_line ocrx_word'/>
</head>
<body>
  <div class='ocr_page' id='page_1' title='image "./cjuliuscaesarsc00caesgoog_0111.png"; bbox 0 0 2566 4270; ppageno 0'>
   <div class='ocr_carea' id='block_1_1' title="bbox 126 289 1157 373">
    <p class='ocr_par' dir='ltr' id='par_1_1' title="bbox 126 289 1157 373">
     <span class='ocr_line' id='line_1_1' title="bbox 126 289 1157 373; baseline -0.008 -29"><span class='ocrx_word' id='word_1_1' title='bbox 126 291 307 354; x_wconf 68' lang='lat' dir='ltr'>(land—1⁰]</span> <span class='ocrx_word' id='word_1_2' title='bbox 500 291 608 344; x_wconf 78' lang='lat' dir='ltr'>LIBER</span> <span class='ocrx_word' id='word_1_3' title='bbox 629 289 776 373; x_wconf 72' lang='lat' dir='ltr'>SEXTUS.</span> <span class='ocrx_word' id='word_1_4' title='bbox 1114 293 1157 368; x_wconf 58' lang='lat' dir='ltr'><em>Q</em></span> 
     </span>
    </p>
   </div>
   <div class='ocr_carea' id='block_1_2' title="bbox 58 431 1154 2334">
    <p class='ocr_par' dir='ltr' id='par_1_2' title="bbox 58 431 1154 1419">
     <span class='ocr_line' id='line_1_2' title="bbox 127 431 1153 510; baseline -0.001 -17"><span class='ocrx_word' id='word_1_5' title='bbox 127 433 222 494; x_wconf 79' lang='lat' dir='ltr'>leniter</span> <span class='ocrx_word' id='word_1_6' title='bbox 244 433 346 506; x_wconf 84' lang='lat' dir='ltr'>nostri,</span> <span class='ocrx_word' id='word_1_7' title='bbox 367 433 492 492; x_wconf 85' lang='lat' dir='ltr'>clamore</span> <span class='ocrx_word' id='word_1_8' title='bbox 514 433 637 505; x_wconf 87' lang='lat' dir='ltr'>sublato,</span> <span class='ocrx_word' id='word_1_9' title='bbox 650 433 709 510; x_wconf 93' lang='lat' dir='ltr'>pila</span> <span class='ocrx_word' id='word_1_10' title='bbox 733 434 763 492; x_wconf 90' lang='lat' dir='ltr'>in</span> <span class='ocrx_word' id='word_1_11' title='bbox 783 433 879 491; x_wconf 89' lang='lat' dir='ltr'>hostes</span> <span class='ocrx_word' id='word_1_12' title='bbox 900 431 1065 502; x_wconf 79' lang='lat' dir='ltr'>immittunt.</span> <span class='ocrx_word' id='word_1_13' title='bbox 1106 431 1153 492; x_wconf 92' lang='lat' dir='ltr'>Illi</span> 
     </span>
     <span class='ocr_line' id='line_1_3' title="bbox 127 524 1153 602; baseline 0.004 -22"><span class='ocrx_word' id='word_1_14' title='bbox 127 525 176 582; x_wconf 93' lang='lat' dir='ltr'>ubi</span> <span class='ocrx_word' id='word_1_15' title='bbox 189 538 293 601; x_wconf 83' lang='lat' dir='ltr'>praeter</span> <span class='ocrx_word' id='word_1_16' title='bbox 307 543 397 600; x_wconf 90' lang='lat' dir='ltr'>spem,</span> <span class='ocrx_word' id='word_1_17' title='bbox 411 545 482 600; x_wconf 89' lang='lat' dir='ltr'>quos</span> <span class='ocrx_word' id='word_1_18' title='bbox 496 526 596 602; x_wconf 90' lang='lat' dir='ltr'>sugere</span> <span class='ocrx_word' id='word_1_19' title='bbox 611 527 776 596; x_wconf 88' lang='lat' dir='ltr'>credebant,</span> <span class='ocrx_word' id='word_1_20' title='bbox 788 525 899 582; x_wconf 86' lang='lat' dir='ltr'>infestis</span> <span class='ocrx_word' id='word_1_21' title='bbox 912 524 1002 600; x_wconf 88' lang='lat' dir='ltr'>signis</span> <span class='ocrx_word' id='word_1_22' title='bbox 1017 525 1052 580; x_wconf 88' lang='lat' dir='ltr'>ad</span> <span class='ocrx_word' id='word_1_23' title='bbox 1066 543 1097 581; x_wconf 87' lang='lat' dir='ltr'>se</span> <span class='ocrx_word' id='word_1_24' title='bbox 1112 525 1153 584; x_wconf 83' lang='lat' dir='ltr'>irc</span> 
     </span>
     <span class='ocr_line' id='line_1_4' title="bbox 58 603 1154 692; baseline 0 -20"><span class='ocrx_word' id='word_1_25' title='bbox 58 607 61 612; x_wconf 43' lang='lat'><strong>¹</strong></span> <span class='ocrx_word' id='word_1_26' title='bbox 127 616 269 686; x_wconf 82' lang='lat' dir='ltr'>viderunt,</span> <span class='ocrx_word' id='word_1_27' title='bbox 285 615 421 692; x_wconf 89' lang='lat' dir='ltr'>impeturn</span> <span class='ocrx_word' id='word_1_28' title='bbox 443 615 528 672; x_wconf 78' lang='lat' dir='ltr'>modo</span> <span class='ocrx_word' id='word_1_29' title='bbox 552 617 625 673; x_wconf 86' lang='lat' dir='ltr'>serre</span> <span class='ocrx_word' id='word_1_30' title='bbox 646 636 704 672; x_wconf 90' lang='lat' dir='ltr'>non</span> <span class='ocrx_word' id='word_1_31' title='bbox 726 628 890 692; x_wconf 89' lang='lat' dir='ltr'>potuerunt,</span> <span class='ocrx_word' id='word_1_32' title='bbox 916 635 950 672; x_wconf 90' lang='lat' dir='ltr'>ac</span> <span class='ocrx_word' id='word_1_33' title='bbox 972 603 1065 690; x_wconf 86' lang='lat' dir='ltr'>primo</span> <span class='ocrx_word' id='word_1_34' title='bbox 1086 635 1154 672; x_wconf 92' lang='lat' dir='ltr'>con-</span> 
     </span>
     <span class='ocr_line' id='line_1_5' title="bbox 127 705 1152 784; baseline 0.002 -22"><span class='ocrx_word' id='word_1_35' title='bbox 127 724 212 764; x_wconf 91' lang='lat' dir='ltr'>cursu</span> <span class='ocrx_word' id='word_1_36' title='bbox 240 705 272 762; x_wconf 91' lang='lat' dir='ltr'>in</span> <span class='ocrx_word' id='word_1_37' title='bbox 299 707 395 782; x_wconf 82' lang='lat' dir='ltr'>fugam</span> <span class='ocrx_word' id='word_1_38' title='bbox 423 706 557 784; x_wconf 89' lang='lat' dir='ltr'>conjecti,</span> <span class='ocrx_word' id='word_1_39' title='bbox 584 708 727 782; x_wconf 83' lang='lat' dir='ltr'>proximas</span> <span class='ocrx_word' id='word_1_40' title='bbox 754 708 839 764; x_wconf 88' lang='lat' dir='ltr'>silvas</span> <span class='ocrx_word' id='word_1_41' title='bbox 865 707 1044 782; x_wconf 91' lang='lat' dir='ltr'>petiverunt:</span> <span class='ocrx_word' id='word_1_42' title='bbox 1081 727 1152 781; x_wconf 92' lang='lat' dir='ltr'>quos</span> 
     </span>
     <span class='ocr_line' id='line_1_6' title="bbox 127 795 1153 876; baseline 0 -20"><span class='ocrx_word' id='word_1_43' title='bbox 127 795 272 856; x_wconf 81' lang='lat' dir='ltr'>Labienus</span> <span class='ocrx_word' id='word_1_44' title='bbox 286 797 414 872; x_wconf 87' lang='lat' dir='ltr'>equitatu</span> <span class='ocrx_word' id='word_1_45' title='bbox 429 808 620 868; x_wconf 88' lang='lat' dir='ltr'>consectatus,</span> <span class='ocrx_word' id='word_1_46' title='bbox 635 813 740 876; x_wconf 88' lang='lat' dir='ltr'>magno</span> <span class='ocrx_word' id='word_1_47' title='bbox 758 817 879 855; x_wconf 91' lang='lat' dir='ltr'>numero</span> <span class='ocrx_word' id='word_1_48' title='bbox 899 798 1061 870; x_wconf 84' lang='lat' dir='ltr'>interfecto,</span> <span class='ocrx_word' id='word_1_49' title='bbox 1076 817 1153 856; x_wconf 92' lang='lat' dir='ltr'>com·</span> 
     </span>
     <span class='ocr_line' id='line_1_7' title="bbox 126 887 1153 969; baseline 0.002 -25"><span class='ocrx_word' id='word_1_50' title='bbox 126 887 255 964; x_wconf 92' lang='lat' dir='ltr'>pluribus</span> <span class='ocrx_word' id='word_1_51' title='bbox 269 889 370 964; x_wconf 77' lang='lat' dir='ltr'>captis,</span> <span class='ocrx_word' id='word_1_52' title='bbox 384 889 485 962; x_wconf 80' lang='lat' dir='ltr'>paucis</span> <span class='ocrx_word' id='word_1_53' title='bbox 498 887 562 964; x_wconf 82' lang='lat' dir='ltr'>prist</span> <span class='ocrx_word' id='word_1_54' title='bbox 576 889 677 946; x_wconf 91' lang='lat' dir='ltr'>diebus</span> <span class='ocrx_word' id='word_1_55' title='bbox 696 889 841 969; x_wconf 80' lang='lat' dir='ltr'>civitatem</span> <span class='ocrx_word' id='word_1_56' title='bbox 855 889 980 964; x_wconf 88' lang='lat' dir='ltr'>recepit:</span> <span class='ocrx_word' id='word_1_57' title='bbox 1002 908 1068 946; x_wconf 87' lang='lat' dir='ltr'>narn</span> <span class='ocrx_word' id='word_1_58' title='bbox 1082 891 1153 946; x_wconf 86' lang='lat' dir='ltr'>Ger-</span> 
     </span>
     <span class='ocr_line' id='line_1_8' title="bbox 126 977 1152 1056; baseline 0.002 -22"><span class='ocrx_word' id='word_1_59' title='bbox 126 977 214 1048; x_wconf 85' lang='lat' dir='ltr'>mani,</span> <span class='ocrx_word' id='word_1_60' title='bbox 239 977 289 1052; x_wconf 90' lang='lat' dir='ltr'>qui</span> <span class='ocrx_word' id='word_1_61' title='bbox 310 979 416 1034; x_wconf 88' lang='lat' dir='ltr'>auxilio</span> <span class='ocrx_word' id='word_1_62' title='bbox 435 979 598 1050; x_wconf 84' lang='lat' dir='ltr'>veniebant,</span> <span class='ocrx_word' id='word_1_63' title='bbox 618 979 755 1054; x_wconf 68' lang='lat' dir='ltr'>percepti</span> <span class='ocrx_word' id='word_1_64' title='bbox 779 979 967 1036; x_wconf 89' lang='lat' dir='ltr'>Trevirorum</span> <span class='ocrx_word' id='word_1_65' title='bbox 988 980 1066 1056; x_wconf 66' lang='lat' dir='ltr'>fugi,</span> <span class='ocrx_word' id='word_1_66' title='bbox 1090 999 1152 1038; x_wconf 88' lang='lat' dir='ltr'>sese</span> 
     </span>
     <span class='ocr_line' id='line_1_9' title="bbox 126 1069 1153 1145; baseline 0 -17"><span class='ocrx_word' id='word_1_67' title='bbox 126 1069 243 1128; x_wconf 90' lang='lat' dir='ltr'>domum</span> <span class='ocrx_word' id='word_1_68' title='bbox 264 1069 455 1126; x_wconf 88' lang='lat' dir='ltr'>coutulerunt.</span> <span class='ocrx_word' id='word_1_69' title='bbox 497 1069 573 1125; x_wconf 89' lang='lat' dir='ltr'>Cum</span> <span class='ocrx_word' id='word_1_70' title='bbox 594 1070 630 1126; x_wconf 89' lang='lat' dir='ltr'>iis</span> <span class='ocrx_word' id='word_1_71' title='bbox 649 1071 802 1144; x_wconf 92' lang='lat' dir='ltr'>propinqui</span> <span class='ocrx_word' id='word_1_72' title='bbox 821 1069 1021 1140; x_wconf 86' lang='lat' dir='ltr'>Indutiomari,</span> <span class='ocrx_word' id='word_1_73' title='bbox 1036 1071 1085 1145; x_wconf 92' lang='lat' dir='ltr'>qui</span> <span class='ocrx_word' id='word_1_74' title='bbox 1105 1071 1153 1128; x_wconf 83' lang='lat' dir='ltr'>dc-</span> 
     </span>
     <span class='ocr_line' id='line_1_10' title="bbox 126 1158 1151 1232; baseline 0.002 -15"><span class='ocrx_word' id='word_1_75' title='bbox 126 1158 259 1217; x_wconf 75' lang='lat' dir='ltr'>l’ectionis</span> <span class='ocrx_word' id='word_1_76' title='bbox 281 1172 412 1217; x_wconf 83' lang='lat' dir='ltr'>auctores</span> <span class='ocrx_word' id='word_1_77' title='bbox 434 1160 555 1231; x_wconf 85' lang='lat' dir='ltr'>lucrant,</span> <span class='ocrx_word' id='word_1_78' title='bbox 571 1161 699 1218; x_wconf 87' lang='lat' dir='ltr'>comitati</span> <span class='ocrx_word' id='word_1_79' title='bbox 722 1179 780 1232; x_wconf 89' lang='lat' dir='ltr'>cos,</span> <span class='ocrx_word' id='word_1_80' title='bbox 799 1178 834 1218; x_wconf 88' lang='lat' dir='ltr'>ex</span> <span class='ocrx_word' id='word_1_81' title='bbox 857 1161 972 1218; x_wconf 88' lang='lat' dir='ltr'>civitate</span> <span class='ocrx_word' id='word_1_82' title='bbox 993 1161 1151 1219; x_wconf 71' lang='lat' dir='ltr'>excessere.</span> 
     </span>
     <span class='ocr_line' id='line_1_11' title="bbox 125 1250 1152 1327; baseline 0.002 -19"><span class='ocrx_word' id='word_1_83' title='bbox 125 1250 317 1327; x_wconf 85' lang='lat' dir='ltr'>Cingetorigi,</span> <span class='ocrx_word' id='word_1_84' title='bbox 332 1269 416 1326; x_wconf 88' lang='lat' dir='ltr'>quern</span> <span class='ocrx_word' id='word_1_85' title='bbox 432 1251 466 1307; x_wconf 93' lang='lat' dir='ltr'>ab</span> <span class='ocrx_word' id='word_1_86' title='bbox 481 1251 563 1310; x_wconf 90' lang='lat' dir='ltr'>initio</span> <span class='ocrx_word' id='word_1_87' title='bbox 575 1251 765 1326; x_wconf 84' lang='lat' dir='ltr'>permansisse</span> <span class='ocrx_word' id='word_1_88' title='bbox 784 1252 813 1308; x_wconf 93' lang='lat' dir='ltr'>in</span> <span class='ocrx_word' id='word_1_89' title='bbox 834 1252 930 1310; x_wconf 89' lang='lat' dir='ltr'>officio</span> <span class='ocrx_word' id='word_1_90' title='bbox 950 1253 1152 1310; x_wconf 83' lang='lat' dir='ltr'>demonstravi-</span> 
     </span>
     <span class='ocr_line' id='line_1_12' title="bbox 124 1343 870 1419; baseline 0.003 -19"><span class='ocrx_word' id='word_1_91' title='bbox 124 1361 199 1413; x_wconf 89' lang='lat' dir='ltr'>mus,</span> <span class='ocrx_word' id='word_1_92' title='bbox 213 1343 391 1419; x_wconf 83' lang='lat' dir='ltr'>principatus</span> <span class='ocrx_word' id='word_1_93' title='bbox 405 1354 488 1418; x_wconf 83' lang='lat' dir='ltr'>etque</span> <span class='ocrx_word' id='word_1_94' title='bbox 502 1344 654 1418; x_wconf 88' lang='lat' dir='ltr'>imperium</span> <span class='ocrx_word' id='word_1_95' title='bbox 668 1355 711 1406; x_wconf 88' lang='lat' dir='ltr'>est</span> <span class='ocrx_word' id='word_1_96' title='bbox 724 1345 870 1402; x_wconf 89' lang='lat' dir='ltr'>traditum.</span> 
     </span>
    </p>

    <p class='ocr_par' dir='ltr' id='par_1_3' title="bbox 122 1432 1151 2334">
     <span class='ocr_line' id='line_1_13' title="bbox 164 1432 1151 1511; baseline 0.002 -21"><span class='ocrx_word' id='word_1_97' title='bbox 164 1432 219 1492; x_wconf 87' lang='lat' dir='ltr'>IX.</span> <span class='ocrx_word' id='word_1_98' title='bbox 248 1434 355 1506; x_wconf 70' lang='lat' dir='ltr'>Caesar,</span> <span class='ocrx_word' id='word_1_99' title='bbox 369 1445 518 1510; x_wconf 88' lang='lat' dir='ltr'>postquam</span> <span class='ocrx_word' id='word_1_100' title='bbox 532 1453 568 1492; x_wconf 86' lang='lat' dir='ltr'>ex</span> <span class='ocrx_word' id='word_1_101' title='bbox 582 1434 726 1511; x_wconf 85' lang='lat' dir='ltr'>Menapiis</span> <span class='ocrx_word' id='word_1_102' title='bbox 742 1435 770 1492; x_wconf 93' lang='lat' dir='ltr'>in</span> <span class='ocrx_word' id='word_1_103' title='bbox 785 1435 923 1493; x_wconf 86' lang='lat' dir='ltr'>Treviros</span> <span class='ocrx_word' id='word_1_104' title='bbox 936 1436 1024 1510; x_wconf 88' lang='lat' dir='ltr'>venit,</span> <span class='ocrx_word' id='word_1_105' title='bbox 1039 1437 1151 1494; x_wconf 88' lang='lat' dir='ltr'>duabus</span> 
     </span>
     <span class='ocr_line' id='line_1_14' title="bbox 124 1523 1150 1604; baseline 0.004 -24"><span class='ocrx_word' id='word_1_106' title='bbox 124 1524 162 1582; x_wconf 88' lang='lat' dir='ltr'>de</span> <span class='ocrx_word' id='word_1_107' title='bbox 177 1525 272 1582; x_wconf 85' lang='lat' dir='ltr'>causis</span> <span class='ocrx_word' id='word_1_108' title='bbox 286 1523 423 1592; x_wconf 84' lang='lat' dir='ltr'>Rhenum</span> <span class='ocrx_word' id='word_1_109' title='bbox 437 1527 558 1587; x_wconf 86' lang='lat' dir='ltr'>transire</span> <span class='ocrx_word' id='word_1_110' title='bbox 572 1527 737 1584; x_wconf 88' lang='lat' dir='ltr'>coustituit:</span> <span class='ocrx_word' id='word_1_111' title='bbox 752 1547 873 1602; x_wconf 90' lang='lat' dir='ltr'>quarum</span> <span class='ocrx_word' id='word_1_112' title='bbox 888 1538 949 1584; x_wconf 88' lang='lat' dir='ltr'>erat</span> <span class='ocrx_word' id='word_1_113' title='bbox 964 1529 1063 1600; x_wconf 77' lang='lat' dir='ltr'>altera,</span> <span class='ocrx_word' id='word_1_114' title='bbox 1073 1529 1150 1604; x_wconf 79' lang='lat' dir='ltr'>quod</span> 
     </span>
     <span class='ocr_line' id='line_1_15' title="bbox 125 1616 1150 1690; baseline 0.002 -16"><span class='ocrx_word' id='word_1_115' title='bbox 125 1616 232 1674; x_wconf 86' lang='lat' dir='ltr'>auxilia</span> <span class='ocrx_word' id='word_1_116' title='bbox 255 1627 354 1674; x_wconf 90' lang='lat' dir='ltr'>contra</span> <span class='ocrx_word' id='word_1_117' title='bbox 377 1634 408 1673; x_wconf 88' lang='lat' dir='ltr'>se</span> <span class='ocrx_word' id='word_1_118' title='bbox 429 1617 559 1674; x_wconf 87' lang='lat' dir='ltr'>Treviris</span> <span class='ocrx_word' id='word_1_119' title='bbox 582 1619 737 1688; x_wconf 88' lang='lat' dir='ltr'>miserant;</span> <span class='ocrx_word' id='word_1_120' title='bbox 761 1619 858 1690; x_wconf 90' lang='lat' dir='ltr'>altera,</span> <span class='ocrx_word' id='word_1_121' title='bbox 880 1638 918 1676; x_wconf 94' lang='lat' dir='ltr'>ue</span> <span class='ocrx_word' id='word_1_122' title='bbox 941 1619 1093 1677; x_wconf 83' lang='lat' dir='ltr'>Ambiorix</span> <span class='ocrx_word' id='word_1_123' title='bbox 1114 1621 1150 1676; x_wconf 90' lang='lat' dir='ltr'>ad</span> 
     </span>
     <span class='ocr_line' id='line_1_16' title="bbox 123 1701 1151 1785; baseline 0.004 -21"><span class='ocrx_word' id='word_1_124' title='bbox 123 1725 175 1764; x_wconf 88' lang='lat' dir='ltr'>eos</span> <span class='ocrx_word' id='word_1_125' title='bbox 198 1718 343 1782; x_wconf 88' lang='lat' dir='ltr'>receptum</span> <span class='ocrx_word' id='word_1_126' title='bbox 365 1707 489 1765; x_wconf 90' lang='lat' dir='ltr'>haberet.</span> <span class='ocrx_word' id='word_1_127' title='bbox 531 1701 588 1764; x_wconf 82' lang='lat' dir='ltr'>His</span> <span class='ocrx_word' id='word_1_128' title='bbox 615 1709 779 1766; x_wconf 90' lang='lat' dir='ltr'>constitutis</span> <span class='ocrx_word' id='word_1_129' title='bbox 802 1710 898 1780; x_wconf 87' lang='lat' dir='ltr'>rebus,</span> <span class='ocrx_word' id='word_1_130' title='bbox 925 1708 1043 1784; x_wconf 83' lang='lat' dir='ltr'>paulirm</span> <span class='ocrx_word' id='word_1_131' title='bbox 1065 1729 1151 1785; x_wconf 91' lang='lat' dir='ltr'>supra</span> 
     </span>
     <span class='ocr_line' id='line_1_17' title="bbox 123 1796 1150 1876; baseline 0.007 -22"><span class='ocrx_word' id='word_1_132' title='bbox 123 1815 189 1854; x_wconf 86' lang='lat' dir='ltr'>eum</span> <span class='ocrx_word' id='word_1_133' title='bbox 211 1797 318 1868; x_wconf 91' lang='lat' dir='ltr'>locum,</span> <span class='ocrx_word' id='word_1_134' title='bbox 339 1796 396 1872; x_wconf 81' lang='lat' dir='ltr'>qud</span> <span class='ocrx_word' id='word_1_135' title='bbox 420 1796 485 1856; x_wconf 72' lang='lat' dir='ltr'>ante</span> <span class='ocrx_word' id='word_1_136' title='bbox 508 1799 666 1856; x_wconf 87' lang='lat' dir='ltr'>exercitum</span> <span class='ocrx_word' id='word_1_137' title='bbox 688 1800 897 1874; x_wconf 77' lang='lat' dir='ltr'>transduxerat,</span> <span class='ocrx_word' id='word_1_138' title='bbox 919 1801 1013 1857; x_wconf 82' lang='lat' dir='ltr'>lacere</span> <span class='ocrx_word' id='word_1_139' title='bbox 1033 1814 1150 1876; x_wconf 88' lang='lat' dir='ltr'>pontem</span> 
     </span>
     <span class='ocr_line' id='line_1_18' title="bbox 123 1875 1149 1968; baseline 0.005 -24"><span class='ocrx_word' id='word_1_140' title='bbox 123 1888 254 1947; x_wconf 89' lang='lat' dir='ltr'>instituit.</span> <span class='ocrx_word' id='word_1_141' title='bbox 295 1888 375 1946; x_wconf 71' lang='lat' dir='ltr'>Nota</span> <span class='ocrx_word' id='word_1_142' title='bbox 389 1875 474 1964; x_wconf 84' lang='lat' dir='ltr'>atque</span> <span class='ocrx_word' id='word_1_143' title='bbox 488 1889 618 1946; x_wconf 71' lang='lat' dir='ltr'>instituti</span> <span class='ocrx_word' id='word_1_144' title='bbox 639 1890 759 1961; x_wconf 89' lang='lat' dir='ltr'>ratione,</span> <span class='ocrx_word' id='word_1_145' title='bbox 774 1910 880 1968; x_wconf 87' lang='lat' dir='ltr'>magno</span> <span class='ocrx_word' id='word_1_146' title='bbox 900 1891 1022 1948; x_wconf 90' lang='lat' dir='ltr'>militum</span> <span class='ocrx_word' id='word_1_147' title='bbox 1044 1892 1149 1964; x_wconf 89' lang='lat' dir='ltr'>studio,</span> 
     </span>
     <span class='ocr_line' id='line_1_19' title="bbox 122 1980 1149 2058; baseline 0.006 -22"><span class='ocrx_word' id='word_1_148' title='bbox 122 1981 223 2056; x_wconf 85' lang='lat' dir='ltr'>paucis</span> <span class='ocrx_word' id='word_1_149' title='bbox 244 1980 345 2038; x_wconf 89' lang='lat' dir='ltr'>dicbus</span> <span class='ocrx_word' id='word_1_150' title='bbox 366 1999 437 2056; x_wconf 91' lang='lat' dir='ltr'>opus</span> <span class='ocrx_word' id='word_1_151' title='bbox 456 1980 587 2039; x_wconf 88' lang='lat' dir='ltr'>efficitur.</span> <span class='ocrx_word' id='word_1_152' title='bbox 629 1981 728 2039; x_wconf 86' lang='lat' dir='ltr'>Firmo</span> <span class='ocrx_word' id='word_1_153' title='bbox 750 1982 780 2038; x_wconf 92' lang='lat' dir='ltr'>in</span> <span class='ocrx_word' id='word_1_154' title='bbox 805 1981 935 2040; x_wconf 89' lang='lat' dir='ltr'>Treviris</span> <span class='ocrx_word' id='word_1_155' title='bbox 955 1983 1088 2058; x_wconf 85' lang='lat' dir='ltr'>praesidio</span> <span class='ocrx_word' id='word_1_156' title='bbox 1113 1984 1149 2042; x_wconf 87' lang='lat' dir='ltr'>ad</span> 
     </span>
     <span class='ocr_line' id='line_1_20' title="bbox 122 2071 1148 2150; baseline 0.007 -23"><span class='ocrx_word' id='word_1_157' title='bbox 122 2082 238 2146; x_wconf 88' lang='lat' dir='ltr'>pontem</span> <span class='ocrx_word' id='word_1_158' title='bbox 260 2071 370 2143; x_wconf 88' lang='lat' dir='ltr'>relicto,</span> <span class='ocrx_word' id='word_1_159' title='bbox 391 2091 429 2130; x_wconf 90' lang='lat' dir='ltr'>ne</span> <span class='ocrx_word' id='word_1_160' title='bbox 449 2071 512 2148; x_wconf 88' lang='lat' dir='ltr'>quis</span> <span class='ocrx_word' id='word_1_161' title='bbox 535 2073 570 2129; x_wconf 86' lang='lat' dir='ltr'>ab</span> <span class='ocrx_word' id='word_1_162' title='bbox 592 2073 627 2130; x_wconf 92' lang='lat' dir='ltr'>iis</span> <span class='ocrx_word' id='word_1_163' title='bbox 646 2072 740 2131; x_wconf 84' lang='lat' dir='ltr'>subitd</span> <span class='ocrx_word' id='word_1_164' title='bbox 763 2084 856 2132; x_wconf 89' lang='lat' dir='ltr'>motus</span> <span class='ocrx_word' id='word_1_165' title='bbox 876 2073 1007 2145; x_wconf 90' lang='lat' dir='ltr'>oriretur,</span> <span class='ocrx_word' id='word_1_166' title='bbox 1024 2076 1148 2150; x_wconf 90' lang='lat' dir='ltr'>reliquas</span> 
     </span>
     <span class='ocr_line' id='line_1_21' title="bbox 123 2161 1148 2241; baseline 0.007 -23"><span class='ocrx_word' id='word_1_167' title='bbox 123 2161 221 2236; x_wconf 86' lang='lat' dir='ltr'>copias</span> <span class='ocrx_word' id='word_1_168' title='bbox 235 2163 448 2238; x_wconf 89' lang='lat' dir='ltr'>equitatumque</span> <span class='ocrx_word' id='word_1_169' title='bbox 468 2164 636 2222; x_wconf 88' lang='lat' dir='ltr'>transducit.</span> <span class='ocrx_word' id='word_1_170' title='bbox 677 2165 755 2236; x_wconf 84' lang='lat' dir='ltr'>Ubii,</span> <span class='ocrx_word' id='word_1_171' title='bbox 771 2166 819 2241; x_wconf 91' lang='lat' dir='ltr'>qui</span> <span class='ocrx_word' id='word_1_172' title='bbox 842 2165 907 2224; x_wconf 74' lang='lat' dir='ltr'>ante</span> <span class='ocrx_word' id='word_1_173' title='bbox 929 2167 1043 2226; x_wconf 89' lang='lat' dir='ltr'>obsides</span> <span class='ocrx_word' id='word_1_174' title='bbox 1063 2168 1148 2225; x_wconf 87' lang='lat' dir='ltr'>dede-</span> 
     </span>
     <span class='ocr_line' id='line_1_22' title="bbox 122 2253 1147 2334; baseline 0.008 -26"><span class='ocrx_word' id='word_1_175' title='bbox 122 2263 195 2322; x_wconf 89' lang='lat' dir='ltr'>rant,</span> <span class='ocrx_word' id='word_1_176' title='bbox 210 2263 293 2328; x_wconf 89' lang='lat' dir='ltr'>atque</span> <span class='ocrx_word' id='word_1_177' title='bbox 307 2254 336 2312; x_wconf 92' lang='lat' dir='ltr'>in</span> <span class='ocrx_word' id='word_1_178' title='bbox 351 2253 525 2313; x_wconf 87' lang='lat' dir='ltr'>deditionem</span> <span class='ocrx_word' id='word_1_179' title='bbox 540 2267 686 2326; x_wconf 87' lang='lat' dir='ltr'>venerant,</span> <span class='ocrx_word' id='word_1_180' title='bbox 700 2257 840 2334; x_wconf 88' lang='lat' dir='ltr'>purgandi</span> <span class='ocrx_word' id='word_1_181' title='bbox 862 2258 906 2315; x_wconf 91' lang='lat' dir='ltr'>sui</span> <span class='ocrx_word' id='word_1_182' title='bbox 927 2259 1016 2316; x_wconf 73' lang='lat' dir='ltr'>causa</span> <span class='ocrx_word' id='word_1_183' title='bbox 1031 2257 1065 2315; x_wconf 84' lang='lat' dir='ltr'>ad</span> <span class='ocrx_word' id='word_1_184' title='bbox 1080 2278 1147 2316; x_wconf 90' lang='lat' dir='ltr'>eum</span> 
     </span>
    </p>
   </div>
   <div class='ocr_carea' id='block_1_3' title="bbox 13 2343 1147 2430">
    <p class='ocr_par' dir='ltr' id='par_1_4' title="bbox 13 2343 1147 2430">
     <span class='ocr_line' id='line_1_23' title="bbox 13 2343 1147 2430; baseline 0.006 -30"><span class='ocrx_word' id='word_1_185' title='bbox 13 2389 20 2400; x_wconf 94' lang='lat'>.</span> <span class='ocrx_word' id='word_1_186' title='bbox 121 2343 230 2419; x_wconf 87' lang='lat' dir='ltr'>legatos</span> <span class='ocrx_word' id='word_1_187' title='bbox 244 2345 369 2416; x_wconf 89' lang='lat' dir='ltr'>mittunt,</span> <span class='ocrx_word' id='word_1_188' title='bbox 384 2345 433 2420; x_wconf 92' lang='lat' dir='ltr'>qui</span> <span class='ocrx_word' id='word_1_189' title='bbox 447 2347 571 2404; x_wconf 86' lang='lat' dir='ltr'>doceant</span> <span class='ocrx_word' id='word_1_190' title='bbox 590 2353 704 2421; x_wconf 87' lang='lat' dir='ltr'>‘neque</span> <span class='ocrx_word' id='word_1_191' title='bbox 724 2366 759 2404; x_wconf 88' lang='lat' dir='ltr'>ex</span> <span class='ocrx_word' id='word_1_192' title='bbox 780 2349 831 2430; x_wconf 77' lang='lat' dir='ltr'>suri</span> <span class='ocrx_word' id='word_1_193' title='bbox 853 2351 968 2406; x_wconf 87' lang='lat' dir='ltr'>civitate</span> <span class='ocrx_word' id='word_1_194' title='bbox 991 2351 1096 2408; x_wconf 83' lang='lat' dir='ltr'>auxilia</span> <span class='ocrx_word' id='word_1_195' title='bbox 1117 2350 1147 2407; x_wconf 92' lang='lat' dir='ltr'>in</span> 
     </span>
    </p>
   </div>
   <div class='ocr_carea' id='block_1_4' title="bbox 116 2431 1212 3964">
    <p class='ocr_par' dir='ltr' id='par_1_5' title="bbox 119 2431 1203 2960">
     <span class='ocr_line' id='line_1_24' title="bbox 121 2431 1167 2514; baseline 0.005 -22"><span class='ocrx_word' id='word_1_196' title='bbox 121 2431 257 2492; x_wconf 87' lang='lat' dir='ltr'>Treviros</span> <span class='ocrx_word' id='word_1_197' title='bbox 271 2435 367 2507; x_wconf 87' lang='lat' dir='ltr'>missa,</span> <span class='ocrx_word' id='word_1_198' title='bbox 381 2454 474 2510; x_wconf 88' lang='lat' dir='ltr'>neque</span> <span class='ocrx_word' id='word_1_199' title='bbox 489 2437 524 2493; x_wconf 91' lang='lat' dir='ltr'>ab</span> <span class='ocrx_word' id='word_1_200' title='bbox 538 2455 569 2493; x_wconf 89' lang='lat' dir='ltr'>se</span> <span class='ocrx_word' id='word_1_201' title='bbox 583 2436 669 2492; x_wconf 88' lang='lat' dir='ltr'>fidem</span> <span class='ocrx_word' id='word_1_202' title='bbox 687 2437 782 2494; x_wconf 75' lang='lat' dir='ltr'>laesam</span> <span class='ocrx_word' id='word_1_203' title='bbox 793 2440 819 2495; x_wconf 91' lang='lat'>:’</span> <span class='ocrx_word' id='word_1_204' title='bbox 841 2452 942 2514; x_wconf 91' lang='lat' dir='ltr'>petunt</span> <span class='ocrx_word' id='word_1_205' title='bbox 956 2452 1040 2513; x_wconf 87' lang='lat' dir='ltr'>atque</span> <span class='ocrx_word' id='word_1_206' title='bbox 1054 2451 1167 2512; x_wconf 66' lang='lat' dir='ltr'>orant„</span> 
     </span>
     <span class='ocr_line' id='line_1_25' title="bbox 121 2525 1148 2605; baseline 0.004 -23"><span class='ocrx_word' id='word_1_207' title='bbox 121 2529 129 2558; x_wconf 73' lang='lat'><em>⁸</em></span> <span class='ocrx_word' id='word_1_208' title='bbox 141 2535 173 2582; x_wconf 91' lang='lat' dir='ltr'>ut</span> <span class='ocrx_word' id='word_1_209' title='bbox 187 2525 242 2582; x_wconf 93' lang='lat' dir='ltr'>sibi</span> <span class='ocrx_word' id='word_1_210' title='bbox 255 2537 365 2600; x_wconf 87' lang='lat' dir='ltr'>parcat,</span> <span class='ocrx_word' id='word_1_211' title='bbox 379 2543 417 2582; x_wconf 88' lang='lat' dir='ltr'>ne</span> <span class='ocrx_word' id='word_1_212' title='bbox 431 2525 577 2582; x_wconf 89' lang='lat' dir='ltr'>communi</span> <span class='ocrx_word' id='word_1_213' title='bbox 591 2527 659 2582; x_wconf 94' lang='lat' dir='ltr'>odio</span> <span class='ocrx_word' id='word_1_214' title='bbox 678 2526 887 2588; x_wconf 81' lang='lat' dir='ltr'>Germanorum</span> <span class='ocrx_word' id='word_1_215' title='bbox 908 2530 1082 2586; x_wconf 82' lang='lat' dir='ltr'>innocentes</span> <span class='ocrx_word' id='word_1_216' title='bbox 1096 2549 1148 2605; x_wconf 93' lang='lat' dir='ltr'>pro</span> 
     </span>
     <span class='ocr_line' id='line_1_26' title="bbox 119 2614 1203 2690; baseline 0.003 -19"><span class='ocrx_word' id='word_1_217' title='bbox 119 2615 293 2686; x_wconf 86' lang='lat' dir='ltr'>nocentibus</span> <span class='ocrx_word' id='word_1_218' title='bbox 318 2633 418 2689; x_wconf 84' lang='lat' dir='ltr'>poenas</span> <span class='ocrx_word' id='word_1_219' title='bbox 439 2614 584 2688; x_wconf 88' lang='lat' dir='ltr'>pendant:</span> <span class='ocrx_word' id='word_1_220' title='bbox 613 2615 638 2672; x_wconf 89' lang='lat' dir='ltr'>si</span> <span class='ocrx_word' id='word_1_221' title='bbox 663 2617 784 2690; x_wconf 91' lang='lat' dir='ltr'>amplius</span> <span class='ocrx_word' id='word_1_222' title='bbox 807 2617 939 2674; x_wconf 88' lang='lat' dir='ltr'>obsidum</span> <span class='ocrx_word' id='word_1_223' title='bbox 963 2619 1040 2690; x_wconf 79' lang='lat' dir='ltr'>velit,</span> <span class='ocrx_word' id='word_1_224' title='bbox 1062 2619 1147 2676; x_wconf 87' lang='lat' dir='ltr'>dare&#39;</span> <span class='ocrx_word' id='word_1_225' title='bbox 1198 2664 1203 2674; x_wconf 95' lang='grc'><em>,</em></span> 
     </span>
     <span class='ocr_line' id='line_1_27' title="bbox 119 2703 1148 2782; baseline 0.007 -21"><span class='ocrx_word' id='word_1_226' title='bbox 119 2705 302 2781; x_wconf 89' lang='lat' dir='ltr'>pollicentur.</span> <span class='ocrx_word' id='word_1_227' title='bbox 343 2703 478 2780; x_wconf 68' lang='lat' dir='ltr'>Cognita,</span> <span class='ocrx_word' id='word_1_228' title='bbox 500 2703 607 2776; x_wconf 78' lang='lat' dir='ltr'>Caesar,</span> <span class='ocrx_word' id='word_1_229' title='bbox 623 2706 721 2778; x_wconf 75' lang='lat' dir='ltr'>eausa,</span> <span class='ocrx_word' id='word_1_230' title='bbox 735 2708 840 2782; x_wconf 89' lang='lat' dir='ltr'>reperit</span> <span class='ocrx_word' id='word_1_231' title='bbox 861 2709 896 2763; x_wconf 92' lang='lat' dir='ltr'>ab</span> <span class='ocrx_word' id='word_1_232' title='bbox 919 2709 1021 2765; x_wconf 79' lang='lat' dir='ltr'>Suavis</span> <span class='ocrx_word' id='word_1_233' title='bbox 1043 2711 1148 2768; x_wconf 88' lang='lat' dir='ltr'>auxilia</span> 
     </span>
     <span class='ocr_line' id='line_1_28' title="bbox 120 2793 1146 2876; baseline 0.009 -24"><span class='ocrx_word' id='word_1_234' title='bbox 120 2794 209 2852; x_wconf 88' lang='lat' dir='ltr'>missa</span> <span class='ocrx_word' id='word_1_235' title='bbox 222 2812 300 2863; x_wconf 88' lang='lat' dir='ltr'>esse;</span> <span class='ocrx_word' id='word_1_236' title='bbox 320 2793 460 2851; x_wconf 90' lang='lat' dir='ltr'>Ubiorum</span> <span class='ocrx_word' id='word_1_237' title='bbox 474 2794 696 2854; x_wconf 83' lang='lat' dir='ltr'>satisfactionem</span> <span class='ocrx_word' id='word_1_238' title='bbox 717 2799 845 2873; x_wconf 83' lang='lat' dir='ltr'>accepit;</span> <span class='ocrx_word' id='word_1_239' title='bbox 867 2799 960 2856; x_wconf 91' lang='lat' dir='ltr'>aditus</span> <span class='ocrx_word' id='word_1_240' title='bbox 980 2799 1096 2876; x_wconf 88' lang='lat' dir='ltr'>viasque</span> <span class='ocrx_word' id='word_1_241' title='bbox 1116 2801 1146 2863; x_wconf 90' lang='lat' dir='ltr'>in</span> 
     </span>
     <span class='ocr_line' id='line_1_29' title="bbox 122 2883 395 2960; baseline 0.007 -18"><span class='ocrx_word' id='word_1_242' title='bbox 122 2883 232 2942; x_wconf 79' lang='lat' dir='ltr'>Suevos</span> <span class='ocrx_word' id='word_1_243' title='bbox 249 2883 395 2960; x_wconf 90' lang='lat' dir='ltr'>perquirit.</span> 
     </span>
    </p>

    <p class='ocr_par' dir='ltr' id='par_1_6' title="bbox 116 2973 1212 3964">
     <span class='ocr_line' id='line_1_30' title="bbox 160 2973 1145 3052; baseline 0.012 -20"><span class='ocrx_word' id='word_1_244' title='bbox 160 2973 199 3032; x_wconf 88' lang='lat' dir='ltr'>X.</span> <span class='ocrx_word' id='word_1_245' title='bbox 227 2974 346 3034; x_wconf 90' lang='lat' dir='ltr'>Interim</span> <span class='ocrx_word' id='word_1_246' title='bbox 368 2976 468 3052; x_wconf 88' lang='lat' dir='ltr'>paucis</span> <span class='ocrx_word' id='word_1_247' title='bbox 488 2975 553 3052; x_wconf 82' lang='lat' dir='ltr'>pdst</span> <span class='ocrx_word' id='word_1_248' title='bbox 574 2977 675 3035; x_wconf 89' lang='lat' dir='ltr'>diebus</span> <span class='ocrx_word' id='word_1_249' title='bbox 696 2979 728 3036; x_wconf 86' lang='lat' dir='ltr'>fit</span> <span class='ocrx_word' id='word_1_250' title='bbox 750 2979 785 3036; x_wconf 83' lang='lat' dir='ltr'>ab</span> <span class='ocrx_word' id='word_1_251' title='bbox 804 2978 888 3038; x_wconf 91' lang='lat' dir='ltr'>Ubiis</span> <span class='ocrx_word' id='word_1_252' title='bbox 909 2983 1014 3040; x_wconf 88' lang='lat' dir='ltr'>certior</span> <span class='ocrx_word' id='word_1_253' title='bbox 1035 2985 1145 3044; x_wconf 86' lang='lat' dir='ltr'>Suevos</span> 
     </span>
     <span class='ocr_line' id='line_1_31' title="bbox 119 3067 1144 3152; baseline 0.011 -28"><span class='ocrx_word' id='word_1_254' title='bbox 119 3085 218 3124; x_wconf 90' lang='lat' dir='ltr'>omnes</span> <span class='ocrx_word' id='word_1_255' title='bbox 232 3086 321 3124; x_wconf 89' lang='lat' dir='ltr'>unum</span> <span class='ocrx_word' id='word_1_256' title='bbox 335 3067 364 3124; x_wconf 91' lang='lat' dir='ltr'>in</span> <span class='ocrx_word' id='word_1_257' title='bbox 378 3067 473 3126; x_wconf 91' lang='lat' dir='ltr'>locum</span> <span class='ocrx_word' id='word_1_258' title='bbox 490 3068 588 3142; x_wconf 86' lang='lat' dir='ltr'>copias</span> <span class='ocrx_word' id='word_1_259' title='bbox 602 3087 716 3144; x_wconf 85' lang='lat' dir='ltr'>cogere,</span> <span class='ocrx_word' id='word_1_260' title='bbox 732 3080 816 3142; x_wconf 88' lang='lat' dir='ltr'>atque</span> <span class='ocrx_word' id='word_1_261' title='bbox 837 3071 872 3128; x_wconf 90' lang='lat' dir='ltr'>iis</span> <span class='ocrx_word' id='word_1_262' title='bbox 892 3073 1066 3146; x_wconf 88' lang='lat' dir='ltr'>nationibus,</span> <span class='ocrx_word' id='word_1_263' title='bbox 1081 3096 1144 3152; x_wconf 76' lang='lat' dir='ltr'>quaa</span> 
     </span>
     <span class='ocr_line' id='line_1_32' title="bbox 118 3157 1145 3243; baseline 0.008 -27"><span class='ocrx_word' id='word_1_264' title='bbox 118 3159 172 3216; x_wconf 89' lang='lat' dir='ltr'>sub</span> <span class='ocrx_word' id='word_1_265' title='bbox 185 3177 283 3216; x_wconf 88' lang='lat' dir='ltr'>eorum</span> <span class='ocrx_word' id='word_1_266' title='bbox 298 3159 355 3215; x_wconf 91' lang='lat' dir='ltr'>sint</span> <span class='ocrx_word' id='word_1_267' title='bbox 369 3157 498 3234; x_wconf 82' lang='lat' dir='ltr'>imperio,</span> <span class='ocrx_word' id='word_1_268' title='bbox 513 3159 699 3230; x_wconf 87' lang='lat' dir='ltr'>denunciare,</span> <span class='ocrx_word' id='word_1_269' title='bbox 714 3158 756 3216; x_wconf 88' lang='lat' dir='ltr'>uti</span> <span class='ocrx_word' id='word_1_270' title='bbox 779 3162 884 3219; x_wconf 86' lang='lat' dir='ltr'>auxilia</span> <span class='ocrx_word' id='word_1_271' title='bbox 902 3164 1046 3238; x_wconf 78' lang='lat' dir='ltr'>peditatus</span> <span class='ocrx_word' id='word_1_272' title='bbox 1066 3167 1145 3243; x_wconf 90' lang='lat' dir='ltr'>equi-</span> 
     </span>
     <span class='ocr_line' id='line_1_33' title="bbox 117 3247 1212 3334; baseline 0.008 -27"><span class='ocrx_word' id='word_1_273' title='bbox 117 3247 250 3323; x_wconf 75' lang='lat' dir='ltr'>tatusque</span> <span class='ocrx_word' id='word_1_274' title='bbox 270 3248 391 3306; x_wconf 89' lang='lat' dir='ltr'>mittant.</span> <span class='ocrx_word' id='word_1_275' title='bbox 434 3249 490 3305; x_wconf 90' lang='lat' dir='ltr'>His</span> <span class='ocrx_word' id='word_1_276' title='bbox 504 3249 628 3325; x_wconf 84' lang='lat' dir='ltr'>cognitis</span> <span class='ocrx_word' id='word_1_277' title='bbox 642 3250 737 3318; x_wconf 86' lang='lat' dir='ltr'>rebus,</span> <span class='ocrx_word' id='word_1_278' title='bbox 752 3269 812 3308; x_wconf 89' lang='lat' dir='ltr'>rem</span> <span class='ocrx_word' id='word_1_279' title='bbox 827 3251 1040 3314; x_wconf 85' lang='lat' dir='ltr'>frumentariam</span> <span class='ocrx_word' id='word_1_280' title='bbox 1061 3277 1145 3334; x_wconf 90' lang='lat' dir='ltr'>prov·</span> <span class='ocrx_word' id='word_1_281' title='bbox 1209 3323 1212 3330; x_wconf 46' lang='grc'><em>,</em></span> 
     </span>
     <span class='ocr_line' id='line_1_34' title="bbox 117 3337 1144 3424; baseline 0.011 -27"><span class='ocrx_word' id='word_1_282' title='bbox 117 3339 187 3409; x_wconf 87' lang='lat' dir='ltr'>idet,</span> <span class='ocrx_word' id='word_1_283' title='bbox 210 3339 310 3395; x_wconf 88' lang='lat' dir='ltr'>castris</span> <span class='ocrx_word' id='word_1_284' title='bbox 332 3337 467 3396; x_wconf 89' lang='lat' dir='ltr'>idoneum</span> <span class='ocrx_word' id='word_1_285' title='bbox 490 3339 586 3398; x_wconf 91' lang='lat' dir='ltr'>locum</span> <span class='ocrx_word' id='word_1_286' title='bbox 609 3339 718 3416; x_wconf 85' lang='lat' dir='ltr'>deligit,</span> <span class='ocrx_word' id='word_1_287' title='bbox 740 3341 824 3400; x_wconf 89' lang='lat' dir='ltr'>Ubiis</span> <span class='ocrx_word' id='word_1_288' title='bbox 838 3344 974 3420; x_wconf 56' lang='lat' dir='ltr'>imperat,</span> <span class='ocrx_word' id='word_1_289' title='bbox 990 3358 1020 3405; x_wconf 93' lang='lat' dir='ltr'>ut</span> <span class='ocrx_word' id='word_1_290' title='bbox 1038 3369 1144 3424; x_wconf 86' lang='lat' dir='ltr'>pecora</span> 
     </span>
     <span class='ocr_line' id='line_1_35' title="bbox 117 3429 1142 3517; baseline 0.01 -29"><span class='ocrx_word' id='word_1_291' title='bbox 117 3429 272 3498; x_wconf 88' lang='lat' dir='ltr'>deducant,</span> <span class='ocrx_word' id='word_1_292' title='bbox 287 3447 394 3502; x_wconf 87' lang='lat' dir='ltr'>suaque</span> <span class='ocrx_word' id='word_1_293' title='bbox 408 3429 506 3486; x_wconf 89' lang='lat' dir='ltr'>omnia</span> <span class='ocrx_word' id='word_1_294' title='bbox 519 3448 554 3486; x_wconf 87' lang='lat' dir='ltr'>ex</span> <span class='ocrx_word' id='word_1_295' title='bbox 570 3430 645 3504; x_wconf 86' lang='lat' dir='ltr'>agris</span> <span class='ocrx_word' id='word_1_296' title='bbox 665 3431 695 3488; x_wconf 93' lang='lat' dir='ltr'>in</span> <span class='ocrx_word' id='word_1_297' title='bbox 715 3433 820 3517; x_wconf 85' lang='lat' dir='ltr'>oppida</span> <span class='ocrx_word' id='word_1_298' title='bbox 842 3437 1000 3508; x_wconf 86' lang='lat' dir='ltr'>conferant,</span> <span class='ocrx_word' id='word_1_299' title='bbox 1015 3459 1142 3513; x_wconf 87' lang='lat' dir='ltr'>sperans,</span> 
     </span>
     <span class='ocr_line' id='line_1_36' title="bbox 117 3518 1141 3601; baseline 0.011 -25"><span class='ocrx_word' id='word_1_300' title='bbox 117 3519 253 3580; x_wconf 87' lang='lat' dir='ltr'>barbaros</span> <span class='ocrx_word' id='word_1_301' title='bbox 268 3529 351 3592; x_wconf 89' lang='lat' dir='ltr'>atque</span> <span class='ocrx_word' id='word_1_302' title='bbox 366 3518 511 3594; x_wconf 90' lang='lat' dir='ltr'>imperitos</span> <span class='ocrx_word' id='word_1_303' title='bbox 526 3521 665 3592; x_wconf 76' lang='lat' dir='ltr'>homineS,</span> <span class='ocrx_word' id='word_1_304' title='bbox 681 3522 777 3598; x_wconf 68' lang='lat' dir='ltr'>inopini</span> <span class='ocrx_word' id='word_1_305' title='bbox 799 3526 971 3584; x_wconf 89' lang='lat' dir='ltr'>cibariorum</span> <span class='ocrx_word' id='word_1_306' title='bbox 994 3531 1141 3601; x_wconf 91' lang='lat' dir='ltr'>adductos,</span> 
     </span>
     <span class='ocr_line' id='line_1_37' title="bbox 118 3609 1143 3690; baseline 0.009 -22"><span class='ocrx_word' id='word_1_307' title='bbox 118 3610 154 3668; x_wconf 88' lang='lat' dir='ltr'>ad</span> <span class='ocrx_word' id='word_1_308' title='bbox 179 3609 305 3684; x_wconf 87' lang='lat' dir='ltr'>iniquam</span> <span class='ocrx_word' id='word_1_309' title='bbox 328 3610 474 3684; x_wconf 91' lang='lat' dir='ltr'>pugnandi</span> <span class='ocrx_word' id='word_1_310' title='bbox 499 3611 693 3670; x_wconf 87' lang='lat' dir='ltr'>conditionem</span> <span class='ocrx_word' id='word_1_311' title='bbox 715 3634 799 3689; x_wconf 87' lang='lat' dir='ltr'>posse</span> <span class='ocrx_word' id='word_1_312' title='bbox 819 3617 941 3675; x_wconf 89' lang='lat' dir='ltr'>deduci:</span> <span class='ocrx_word' id='word_1_313' title='bbox 964 3621 1089 3690; x_wconf 89' lang='lat' dir='ltr'>mandat,</span> <span class='ocrx_word' id='word_1_314' title='bbox 1111 3631 1143 3678; x_wconf 93' lang='lat' dir='ltr'>ut</span> 
     </span>
     <span class='ocr_line' id='line_1_38' title="bbox 117 3697 1143 3786; baseline 0.008 -27"><span class='ocrx_word' id='word_1_315' title='bbox 117 3700 233 3759; x_wconf 87' lang='lat' dir='ltr'>crebros</span> <span class='ocrx_word' id='word_1_316' title='bbox 247 3697 437 3772; x_wconf 82' lang='lat' dir='ltr'>exploratores</span> <span class='ocrx_word' id='word_1_317' title='bbox 452 3699 480 3758; x_wconf 90' lang='lat' dir='ltr'>in</span> <span class='ocrx_word' id='word_1_318' title='bbox 496 3702 604 3760; x_wconf 84' lang='lat' dir='ltr'>Suevos</span> <span class='ocrx_word' id='word_1_319' title='bbox 618 3705 742 3778; x_wconf 85' lang='lat' dir='ltr'>mittant,</span> <span class='ocrx_word' id='word_1_320' title='bbox 757 3726 876 3781; x_wconf 85' lang='lat' dir='ltr'>quaeque</span> <span class='ocrx_word' id='word_1_321' title='bbox 892 3709 965 3782; x_wconf 92' lang='lat' dir='ltr'>apud</span> <span class='ocrx_word' id='word_1_322' title='bbox 980 3727 1029 3764; x_wconf 87' lang='lat' dir='ltr'>eos</span> <span class='ocrx_word' id='word_1_323' title='bbox 1042 3729 1143 3786; x_wconf 86' lang='lat' dir='ltr'>geran-</span> 
     </span>
     <span class='ocr_line' id='line_1_39' title="bbox 116 3789 1143 3871; baseline 0.012 -23"><span class='ocrx_word' id='word_1_324' title='bbox 116 3802 172 3861; x_wconf 81' lang='lat' dir='ltr'>tur,</span> <span class='ocrx_word' id='word_1_325' title='bbox 188 3799 372 3868; x_wconf 84' lang='lat' dir='ltr'>cognoscant.</span> <span class='ocrx_word' id='word_1_326' title='bbox 414 3789 460 3848; x_wconf 94' lang='lat' dir='ltr'>Illi</span> <span class='ocrx_word' id='word_1_327' title='bbox 474 3791 612 3868; x_wconf 88' lang='lat' dir='ltr'>imperata</span> <span class='ocrx_word' id='word_1_328' title='bbox 628 3795 747 3867; x_wconf 86' lang='lat' dir='ltr'>saciuut,</span> <span class='ocrx_word' id='word_1_329' title='bbox 762 3808 800 3867; x_wconf 88' lang='lat' dir='ltr'>et,</span> <span class='ocrx_word' id='word_1_330' title='bbox 814 3798 915 3871; x_wconf 89' lang='lat' dir='ltr'>paucis</span> <span class='ocrx_word' id='word_1_331' title='bbox 935 3796 1037 3858; x_wconf 87' lang='lat' dir='ltr'>dicbus</span> <span class='ocrx_word' id='word_1_332' title='bbox 1057 3800 1143 3860; x_wconf 88' lang='lat' dir='ltr'>iuter·</span> 
     </span>
     <span class='ocr_line' id='line_1_40' title="bbox 117 3880 1140 3964; baseline 0.007 -18"><span class='ocrx_word' id='word_1_333' title='bbox 117 3881 220 3958; x_wconf 80' lang='lat' dir='ltr'>missis,</span> <span class='ocrx_word' id='word_1_334' title='bbox 241 3880 378 3956; x_wconf 70' lang='lat' dir='ltr'>referunt,</span> <span class='ocrx_word' id='word_1_335' title='bbox 401 3882 531 3944; x_wconf 85' lang='lat' dir='ltr'>‘Suevos</span> <span class='ocrx_word' id='word_1_336' title='bbox 552 3903 662 3957; x_wconf 84' lang='lat' dir='ltr'>omues,</span> <span class='ocrx_word' id='word_1_337' title='bbox 676 3897 861 3964; x_wconf 83' lang='lat' dir='ltr'>posteaquam</span> <span class='ocrx_word' id='word_1_338' title='bbox 882 3885 1018 3948; x_wconf 86' lang='lat' dir='ltr'>certiores</span> <span class='ocrx_word' id='word_1_339' title='bbox 1041 3893 1140 3954; x_wconf 90' lang='lat' dir='ltr'>nuncii</span> 
     </span>
    </p>
   </div>
   <div class='ocr_carea' id='block_1_5' title="bbox 0 0 1288 4270">
    <p class='ocr_par' dir='ltr' id='par_1_7' title="bbox 0 0 1288 4270">
     <span class='ocr_line' id='line_1_41' title="bbox 0 0 1288 4270; baseline 0 3"><span class='ocrx_word' id='word_1_340' title='bbox 0 0 1288 4270; x_wconf 95' lang='lat' dir='ltr'> </span> 
     </span>
    </p>
   </div>
  </div>
 </body>
</html>
