2566 4270
133 321 190 380 too
457 318 505 368 ne
527 298 645 368 senio
668 317 827 368 clauco
964 317 1043 385 [crs.
1061 311 1166 371 10-1'a

131 461 168 520 de
181 461 309 520 exercitu
323 459 524 520 Romanorum
544 461 685 533 venerint,
699 481 766 518 cum
785 461 919 519 omnibus
933 461 993 519 suis
1005 461 1167 518 sociorum·

131 573 188 628 que
209 554 310 634 copiis,
332 572 404 628 quas
431 554 604 630 coegissent,
628 555 744 628 penitus
770 552 805 608 ad
832 565 975 609 extremos
1000 549 1074 610 fines
1100 569 1165 609 sese
1207 582 1211 590 ,

131 646 292 720 recepisse:
314 645 414 702 silvam
428 663 491 702 esse
506 645 546 702 ibi
561 644 673 701 infiniti
693 644 903 720 magnitudine,
918 661 982 717 quas
1003 643 1165 718 appellatur

132 735 275 794 Bacenis:
296 735 373 793 hanc
397 734 483 814 longe
507 735 647 794 introrsus
669 736 823 810 pertinere,
837 746 875 804 et,
890 753 943 808 pro
963 735 1061 790 nativo
1081 749 1166 792 muro

131 825 283 902 objectam,
307 827 471 884 Cheruscos
495 828 531 883 ab
555 826 658 883 Suevis
682 827 850 900 Suevosque
873 827 909 882 ab
933 823 1101 895 Cheruscis,
1122 825 1166 882 in-
1198 829 1202 834 '

128 916 212 993 juriis
226 918 497 992 incursionibusque
509 917 678 994 prohibere:
700 917 736 972 ad
754 915 816 990 ejus
830 915 946 972 initium
959 915 1037 972 silvas
1051 917 1168 973 Suevos

132 1008 285 1064 adventurn
299 1008 498 1065 Romanorum
513 1018 680 1083 exspectare
694 1007 896 1064 constituisse!

170 1097 225 1156 XI.
252 1099 402 1160 Quoniam
424 1099 459 1156 ad
481 1099 559 1156 hunc
582 1097 679 1155 locum
699 1109 866 1174 perventum
886 1107 940 1168 est,
954 1115 1013 1154 non
1036 1097 1165 1155 alienum

132 1207 195 1247 esse
210 1190 319 1246 videtur
334 1191 370 1247 de
387 1191 489 1247 Galliac
509 1189 730 1263 Germaniaeque
750 1189 888 1259 moribus,
903 1199 932 1245 et
952 1208 1010 1263 quo
1030 1189 1165 1246 differant

132 1298 173 1336 eae
198 1281 328 1338 nationes
352 1281 425 1337 inter
449 1299 521 1351 sese,
543 1297 710 1355 proponere.
752 1279 787 1336 In
811 1280 908 1336 Gallis
930 1299 989 1336 non
1014 1277 1108 1337 solum
1133 1281 1165 1338 in

132 1371 266 1427 omnibus
286 1371 450 1428 civitatibus
475 1382 560 1445 atque
584 1371 613 1427 in
637 1371 771 1428 omnibus
792 1363 875 1447 pagis
894 1371 1090 1446 partibusque,
1111 1369 1165 1428 sed

131 1479 214 1536 paene
231 1462 317 1518 etiam
333 1461 362 1518 in
377 1462 497 1538 singulis
511 1461 644 1518 domibus
662 1461 802 1519 sactiones
822 1473 907 1518 suut:
928 1479 1085 1537 earumque
1105 1462 1166 1520 fao·

132 1553 243 1608 tionum
258 1553 403 1628 principes
416 1564 491 1623 sunt,
507 1553 556 1628 qui
570 1571 711 1609 summam
726 1553 926 1610 auctoritatem
940 1571 1039 1610 eorum
1050 1552 1166 1628 judicio

132 1642 238 1700 habere
252 1643 459 1714 existimantur,
474 1663 594 1718 quorum
611 1644 646 1700 ad
661 1645 809 1700 arbitrium
829 1643 1030 1719 judiciumque
1050 1663 1163 1703 summa

132 1736 268 1814 omnium¹
283 1754 377 1792 rerum
400 1736 643 1809 consiliorumque
663 1735 770 1792 redeat.
811 1734 903 1808 quue
923 1735 987 1811 ejus
1010 1736 1051 1793 rei
1074 1737 1165 1793 causti

133 1827 290 1902 antiquitus
311 1827 472 1883 institutum
493 1825 615 1896 videtur,
632 1843 668 1882 ne
692 1826 756 1900 quis
779 1844 814 1882 ex
836 1826 921 1901 plebe
944 1837 1045 1883 contra
1064 1837 1167 1902 poten-

132 1918 234 1975 tiorem
257 1919 354 1975 auxilii
375 1929 489 1994 egeret:
511 1937 579 1974 suos
599 1917 677 1974 enim
699 1917 821 1992 quisque
844 1917 967 1992 opprimi
991 1928 1020 1974 et
1040 1918 1166 1974 circum·

133 2009 223 2066 veniri
246 2027 303 2066 non
328 2011 443 2085 patitur,
465 2027 570 2084 neque,
595 2007 676 2066 aliter
697 2009 722 2065 si
745 2007 862 2079 faciant,
887 2007 973 2065 ullam
997 2009 1071 2066 inter
1095 2029 1167 2068 suos

134 2098 240 2156 habent
262 2100 469 2157 auctoritatem.
513 2099 586 2156 Haec
608 2099 709 2156 eadem
733 2099 806 2156 ratio
826 2111 871 2156 est
892 2101 922 2156 in
943 2101 1055 2156 summi
1075 2103 1167 2160 totius

133 2191 254 2247 Galliae:
276 2209 399 2264 namque
413 2209 512 2247 omnes
526 2191 656 2248 civitates
670 2189 699 2247 in
714 2202 808 2266 partes
821 2188 919 2248 divisis
934 2202 1000 2247 sunt
1013 2191 1092 2249 duas.

174 2279 242 2338 ΧΠ,
270 2281 372 2342 Quum
387 2282 485 2338 Caesar
500 2281 529 2338 in
548 2281 673 2338 Galliam
694 2282 781 2352 venit,
797 2281 914 2338 alterius
935 2281 1067 2340 factionis
1086 2283 1167 2358 prin·

134 2371 214 2454 cipes
227 2385 309 2430 erant
327 2353 427 2442 AEdui,
443 2371 559 2430 alterius
581 2373 717 2447 Sequani.
761 2371 801 2429 Hi
825 2391 913 2446 quum
937 2391 988 2448 per
1011 2391 1043 2431 se
1066 2371 1165 2430 minirs

122 2464 270 2535 'valerent
298 2464 375 2540 qudd
403 2479 515 2520 summa
542 2464 697 2520 auctoritas
725 2463 882 2538 antiquitus
908 2475 969 2521 erat
996 2463 1028 2528 in
1047 2459 1189 2534 AEduis,'

134 2575 302 2634 magnasque
316 2575 414 2615 eorum
429 2568 511 2616 erant
531 2557 682 2628 clientela,
696 2556 858 2614 Germanos
879 2568 964 2631 atque
985 2557 1163 2614 Ariovistum

134 2649 188 2706 sibi
204 2650 400 2726 adjunxerant,
415 2667 522 2724 eosque
537 2648 617 2706 adse
631 2647 743 2724 magnis
760 2648 882 2723 jacturis
894 2647 1165 2724 pollicitationibus·

134 2759 190 2816 que
217 2742 415 2816 perduxerant
457 2739 570 2797 Proeliis
596 2739 663 2796 verb
685 2739 882 2814 compluribus
906 2739 989 2802 lactis
1014 2740 1162 2811 secundis,

136 2836 221 2904 atque
243 2832 322 2888 omni
349 2831 498 2888 nobilitate
525 2831 687 2888 AEduorum
709 2829 870 2900 interlecti,
894 2829 1006 2887 tantiam
1033 2831 1161 2906 potentii

137 2930 359 2989 antecesserant,
374 2932 406 2976 ut
429 2939 562 2995 magnam
586 2931 696 2995 partem
717 2921 868 2978 clientium
891 2921 926 2976 ab
950 2921 1054 2978 AEduis
1075 2922 1110 2978 ad
1130 2939 1163 2978 se

135 3009 363 3080 transducerent,
378 3009 548 3084 obsidesque
563 3009 598 3066 ab
613 3010 648 3066 iis
667 3010 830 3086 principum
851 3011 924 3070 lilios
946 3012 1119 3087 acciperent,
1133 3022 1163 3071 et

63 3131 65 3140 ι
135 3100 252 3178 publice
277 3100 373 3176 jurare
399 3111 545 3176 cogerent,
572 3100 643 3157 nihil
671 3119 701 3158 se
731 3111 832 3158 contra
865 3103 1015 3176 Sequanos
1048 3103 1162 3160 consilii

137 3193 276 3262 inituros3
307 3202 336 3248 et
358 3201 467 3266 partem
490 3191 604 3249 finitimi
629 3191 699 3267 agri,
722 3193 849 3267 pervim
862 3187 1053 3268 'occupatam
1074 3194 1164 3269 possi·

137 3281 247 3354 derent‚
265 3283 424 3358 Galliaeque
443 3283 530 3340 totius
549 3283 742 3358 principatum
763 3284 933 3342 obtinerent.
973 3284 1045 3346 Qus
1065 3303 1164 3342 neces·

137 3375 221 3432 sitate
246 3374 386 3431 adductus
408 3371 579 3444 Divitiacus,
605 3374 702 3430 auxilii
725 3375 842 3449 petendi
866 3375 954 3430 causti
978 3374 1102 3431 Romam
1128 3375 1163 3430 ad

38 3490 41 3496 ·
138 3476 267 3524 senatum
287 3465 442 3542 proiectus,
458 3463 564 3522 infecti
581 3483 611 3520 re
625 3463 756 3522 redierat.
798 3465 935 3522 Adventu
949 3465 1072 3522 Caesaris
1087 3465 1163 3522 lacta
1186 3519 1197 3544 ,

138 3557 362 3619 commutatione
398 3574 503 3625 rerum,
538 3553 685 3612 obsidibus
720 3555 824 3613 AEduis
858 3557 986 3626 redditis,
1021 3557 1163 3615 veteribus

139 3651 281 3711 clientelis
304 3648 451 3718 restitutis,
474 3645 554 3702 novis
575 3665 626 3721 per
648 3646 790 3704 Caesarem
814 3648 995 3722 comparatis,
1012 3645 1102 3722 (quiid
1124 3647 1163 3718 hi,

139 3743 233 3818 quise
255 3741 289 3799 ad
311 3759 409 3798 eorum
431 3735 587 3795 amicitiam
612 3749 844 3812 aggregaverant,
859 3739 977 3796 meliore
999 3737 1165 3796 conditione

141 3845 226 3904 atque
246 3834 371 3908 aequiore
392 3829 512 3904 imperio
532 3847 562 3885 se
583 3828 625 3883 uti
647 3827 806 3907 videbant),
820 3829 938 3904 reliquis
955 3830 1042 3886 rebus
1054 3848 1164 3902 eorum,

223 3923 234 3978 l
257 3923 454 3998 dignitateque
479 3917 661 3994 amplificati,
686 3918 813 3991 Sequani
836 3919 1029 3994 principatum
1052 3920 1167 3978 dimise·
